3392 5675
160 4368 162 4375 s
244 4385 253 4404 ,
278 4342 358 4390 addito

262 446 325 507 162
563 436 904 507 PHILOSOPHIAE
927 436 1201 507 NATURALIS
1222 436 1295 516 [Da
1310 436 1434 503 Murro.
1450 440 1547 505 Sasu.

303 612 377 679 Jam
397 612 439 677 ad
460 613 570 677 orbem
583 620 713 675 cometis
727 610 1009 687 determinandum,
1025 610 1122 696 selegi
1135 631 1177 673 ex
1191 610 1457 675 obsuvstionibus
1471 611 1548 675 hao-

260 734 353 789 tenus
367 722 541 805 descriptis,
557 733 621 785 tres
635 742 711 806 quas
727 719 935 783 Flamstedius
948 718 1059 783 habuit
1072 717 1152 783 Deo.
1167 726 1221 781 at.
1234 718 1307 782 Jau.
1318 727 1348 783 5.
1364 731 1397 783 et
1408 720 1480 784 Jan.
1493 728 1549 785 25.

261 830 302 915 (³)
324 830 375 895 Ex
395 828 445 892 his
466 828 570 893 inveni
593 828 644 893 St
661 828 797 912 partium
822 834 937 893 9842.l
957 838 989 890 et
1004 826 1214 910 thartium
1227 835 1301 904 155,
1316 827 1424 912 quales
1441 836 1549 891 10000

262 947 335 1004 sttnt
359 933 606 1001 semi-dimeter
627 934 711 999 orbis
736 934 853 1020 magni.
897 932 984 997 Tum
1004 933 1049 995 ad
1074 934 1287 1016 operationem
1306 933 1440 1017 primam
1460 957 1551 999 assu-

261 1041 377 1107 mendo
402 1052 417 1104 t
442 1040 472 1105 B
496 1038 632 1125 partium
658 1046 753 1117 5657,
779 1038 884 1105 inveni
909 1040 934 1105 S
959 1040 989 1104 B
1014 1045 1111 1118 9747,
1138 1040 1167 1104 B
1193 1040 1222 1103 E
1246 1039 1347 1123 pnmt
1364 1041 1443 1105 ,viee
1471 1051 1550 1121 412,

264 1152 318 1227 Sit
329 1159 425 1230 9503,
436 1151 449 1217 i
459 1162 479 1214 λ
488 1159 552 1217 tls
565 1173 574 1217 t
587 1148 652 1216 ΒΕ
661 1147 799 1217 §emindii
809 1149 878 1217 vioe
888 1156 964 1229 421,
976 1148 1048 1213 OD
1061 1156 1178 1227 10186,
1190 1148 1227 1215 Χ
1236 1156 1356 1215 85284
1365 1149 1439 1215 MP
1449 1160 1549 1229 8450,

261 1372 358 1413 somma
368 1378 384 1411 a
394 1361 456 1410 Sola.
492 1360 528 1410 sit
537 1360 600 1409 eninr
612 1361 635 1410 E
647 1361 670 1409 L
680 1361 755 1423 portio
765 1361 884 1423 ecliptieoe,
917 1362 1056 1418 sturnus
1073 1377 1089 1407 a
1098 1361 1150 1408 loeo
1159 1359 1216 1407 nodi
1228 1361 1252 1409 0
1263 1362 1412 1411 subtrabatur
1422 1362 1550 1425 longitudo

264 1428 305 1476 Sol
322 1428 347 1473 in
368 1427 392 1483 S,
409 1424 509 1474 latitudo
527 1425 663 1473 sometae'C
676 1426 706 1482 13
725 1426 751 1471 in
768 1426 888 1487 triangulo
918 1434 1019 1473 eometae
1039 1424 1060 1481 1,
1080 1424 1224 1487 relinquatur
1242 1439 1310 1472 metra
1332 1425 1356 1473 0
1376 1426 1397 1473 1.
1433 1427 1505 1473 Datis
1523 1428 1550 1473 in

265 1488 860 1551 clsmlrennguto(v.1tn111.)dn
919 1488 1038 1551 triangulo
1058 1487 1125 1535 ΚΟ
1148 1488 1170 1544 Ι,
1191 1487 1223 1535 ad
1242 1489 1257 1537 1
1276 1490 1553 1550 raetaugulmlatoeibus

263 1556 325 1602 latua
337 1554 357 1602 C
371 1554 392 1611 Ι,
405 1553 506 1615 itemque
517 1562 598 1599 notum
609 1561 644 1600 est
654 1552 715 1600 latus
727 1552 740 1599 1
754 1553 889 1599 Sdifferen·
925 1552 952 1600 K
964 1553 986 1608 1,
1005 1552 1028 1599 0
1043 1551 1064 1605 1,
1081 1550 1174 1598 dabitur
1189 1566 1257 1599 arcus
1274 1552 1300 1601 Κ
1312 1553 1335 1600 0
1352 1568 1422 1614 quem
1432 1564 1523 1601 cometa
1536 1569 1554 1600 a

263 1618 297 1665 tia
312 1617 487 1680 longitudinum
504 1616 565 1665 ‘tots
580 1626 605 1663 et
619 1626 722 1671 somne.
740 1614 838 1679 idedque
853 1617 891 1663 in-
922 1616 1001 1676 primo
1010 1614 1175 1663 emmonis
1184 1615 1224 1662 die
1233 1630 1308 1677 usque
1321 1617 1358 1667 ad
1368 1617 1500 1677 eclipticam
1510 1617 1553 1663 de-

266 1682 365 1729 noteseit
374 1680 483 1727 diannn
494 1691 590 1727 oometn
601 1696 615 1727 s
626 1680 680 1727 Sola
693 1678 713 1727 C
726 1681 750 1728 S.
921 1678 1018 1738 scripsit.
1053 1679 1109 1727 Jam
1124 1677 1179 1725 verb
1193 1694 1260 1725 arcus
1272 1678 1299 1726 K
1312 1679 1335 1726 Ο
1353 1681 1485 1729 conteratur
1495 1696 1553 1727 eum

297 1750 353 1793 152.
367 1744 392 1791 si
402 1744 494 1792 duobus
500 1742 582 1791 diebus
589 1760 638 1790 sese
648 1743 747 1791 invicem
758 1740 891 1790 immediate
921 1744 1022 1790 arcubus
1032 1742 1151 1802 descriptis
1161 1744 1191 1789 ab
1200 1743 1267 1789 initio
1276 1744 1440 1791 observationis
1451 1754 1553 1790 cometa
1580 1751 1588 1759 “

366 1808 457 1855 entibus
467 1810 615 1855 observentur
624 1806 784 1869 longitudines
796 1808 831 1864 tt,
843 1806 856 1855 1
867 1817 892 1855 et
922 1806 948 1852 in
966 1806 999 1861 K,
1016 1806 1139 1853 addetum
1148 1821 1223 1868 usque
1232 1806 1329 1868 aliquod
1339 1818 1485 1854 momentum
1502 1808 1552 1853 sin-

264 1871 332 1919 latitu
351 1872 399 1919 'nes
412 1872 432 1919 C
445 1872 481 1929 H,
498 1872 522 1919 K
536 1871 548 1917 1
564 1880 661 1919 comm
676 1870 780 1933 alicujus,
798 1868 893 1917 dabitur
922 1868 986 1931 gulis
1006 1869 1089 1916 diebus
1109 1884 1152 1929 pro
1172 1870 1266 1917 arbitrio
1284 1880 1439 1929 assumptum.
1482 1870 1552 1917 Hinc

265 1950 334 1983 aruns
351 1934 781 1997 KCquemeometamotudiurno
799 1934 893 1993 proprio
924 1933 1089 1994 proportionali
1108 1931 1302 1992 mundatura
1319 1933 1553 1995 simitumlligensr

158 2020 162 2030 ¹
265 1998 391 2059 dempsit
428 1998 547 2054 Quoniam
558 1999 622 2045 enim
632 1998 722 2045 intrian
757 1996 892 2054 loKMC,
923 2007 1018 2057 tempus
1032 2010 1082 2059 quo
1099 2005 1190 2043 cometa
1212 1997 1286 2044 secuit
1302 1996 1439 2057 eclipt‘nam.
1474 1997 1551 2044 Simili

266 2062 336 2110 datur
393 2062 447 2109 ulus
457 2076 527 2124 quem
538 2062 633 2109 innitur
643 2076 710 2109 mous
723 2014 756 2109 du

266 2076 510 2183 dinummdiffetentia,
530 2126 648 2187 simulque
668 2134 723 2171 nata
743 2133 799 2173 sunt
821 2126 895 2171 latera
960 2129 1012 2172 155.
1033 2122 1059 2170 Si
1075 2132 1167 2170 oometa
1183 2123 1258 2183 primis
1273 2126 1408 2171 observetur
1423 2125 1449 2170 in
1468 2123 1554 2171 eadem

268 2188 295 2237 K
314 2191 351 2247 M,
371 2188 391 2237 C
409 2188 446 2246 Μ,
466 2204 519 2251 que
539 2199 594 2237 sunt
614 2188 721 2235 datmum
742 2187 894 2235 latitudinum
925 2184 988 2234 recti
1004 2202 1059 2234 cum
1074 2186 1165 2233 duabus
1180 2186 1239 2243 fixis,
1256 2184 1341 2233 deinde
1355 2188 1381 2233 in
1399 2186 1444 2233 alivi
1459 2203 1554 2249 quoque

271 2252 297 2299 K
309 2254 331 2310 1,
344 2254 366 2300 C
379 2252 405 2299 Η
418 2252 595 2313 complementa,
606 2251 812 2299 immutaturus
824 2251 896 2297 ΚΟ.
924 2249 1433 2305 roetdeumdusbustliisfltisobsevstun
1445 2250 1555 2300 metuat&

268 2316 294 2363 Si
304 2314 359 2363 verri
369 2316 440 2361 altera
451 2315 550 2363 latitudo
560 2314 752 2371 lueritsustralia,
762 2310 821 2375 puti
830 2315 851 2361 C
860 2314 896 2370 tt,
928 2313 1030 2376 trajectis
1044 2328 1086 2375 per
1142 2321 1196 2359 tuor
1210 2314 1263 2359 illas
1278 2312 1356 2359 stellas
1365 2313 1457 2360 duobus
1467 2314 1513 2360 tilis
1527 2314 1555 2363 in

266 2380 341 2428 altera
356 2378 454 2426 borealis
470 2386 497 2425 ut
515 2379 538 2426 G
551 2378 582 2434 N,
599 2377 739 2425 latuaGM
755 2386 790 2425 est
805 2390 898 2425 namma
928 2375 1051 2438 tapetes
1121 2375 1250 2434 'edenda
1263 2377 1555 2425 intemetiofllorumds-

274 3644 404 3694 latitudinis
416 3644 440 3692 G
452 3645 478 3692 N
487 3651 511 3690 et
521 3641 658 3706 quadrantis
672 3643 697 3689 N
708 3643 745 3697 Μ,
763 3657 790 3692 ac
800 3643 898 3706 proindd
934 3645 1067 3695 tarmituabit
1080 3646 1159 3695 lotum
1170 3656 1267 3694 oometsa
1282 3663 1325 3708 pro
1339 3657 1443 3710 tempore
1453 3649 1559 3697 obserra·

275 3713 345 3759 etiarn
356 3710 381 3756 in
392 3711 436 3755 hoe
446 3723 502 3756 casu
513 3707 606 3754 dabitur
616 3721 683 3754 mous
695 3707 715 3754 C
729 3708 760 3753 G·
932 3709 1011 3756 tionis.
1046 3710 1072 3758 si
1082 3711 1164 3758 eodem
1175 3710 1245 3758 modo
1254 3712 1397 3760 definiantur
1406 3712 1452 3760 alia
1461 3722 1560 3760 oometn

310 3778 361 3821 155.
379 3771 466 3819 Iisdem
482 3769 637 3824 manantibus,
653 3769 751 3816 inveniri
767 3779 842 3831 potest
858 3788 901 3820 no.
931 3771 990 3828 loca,
1001 3773 1065 3820 illius
1075 3775 1156 3821 semita
1165 3775 1192 3821 la
1201 3775 1322 3835 superlioie
1331 3776 1396 3839 globi
1409 3775 1507 3824 tulestis
1517 3777 1559 3824 de-

275 3836 321 3884 dus
337 3836 361 3883 0
377 3835 457 3882 orbita
468 3843 572 3888 ooroetoe,
589 3831 649 3881 datis
664 3832 727 3879 enim
742 3832 768 3880 in
784 3835 903 3896 triangulo
933 3835 1064 3884 liaeabitur.

277 3902 307 3948 M
321 3901 341 3948 C
354 3899 379 3948 K
396 3899 506 3946 lateribus
522 3899 550 3944 M
564 3899 591 3952 C,
610 3897 640 3944 M
653 3895 686 3952 K,
703 3910 758 3944 trun
768 3899 857 3959 angulo
866 3899 903 3946 in-
967 3904 1022 3948 tto·
1040 3898 1158 3948 Aoeuratd
1172 3901 1298 3965 designatis
1315 3902 1341 3948 in
1355 3903 1477 3962 superficie
1493 3902 1560 3966 globi

201 4025 202 4028 Ἴ
276 3973 378 4024 tercepto
390 3963 498 4024 Mquem
508 3961 603 4007 metitur
613 3959 787 4025 longitudinum
796 3963 904 4010 datarum
934 3972 1032 4010 meta
1041 3963 1106 4021 loeis,
1116 3964 1184 4012 filum
1194 3965 1286 4014 duobus
1296 3967 1353 4014 loeis
1363 3967 1504 4026 applicatum
1517 3982 1561 4028 per

277 4027 407 4074 differentia
425 4025 451 4074 H
471 4027 491 4080 l,
509 4023 601 4072 dabitur
616 4024 718 4086 angulus
735 4023 765 4071 M
777 4023 803 4071 K
817 4025 845 4080 C,
862 4027 904 4090 qui
935 4035 1018 4073 astera
1033 4029 1113 4075 omnia
1128 4030 1296 4089 propemodum
1314 4031 1410 4077 transire
1426 4030 1559 4088 videbitu13

277 4105 307 4137 ex
325 4089 392 4138 1800.
405 4089 541 4145 subductus,
557 4088 667 4149 relinquit
677 4087 792 4150 anguium
805 4090 828 4137 Ο
842 4089 869 4137 K
880 4091 901 4138 1.
935 4091 986 4136 hac
1002 4091 1074 4153 igitur
1092 4092 1144 4139 locs
1161 4093 1210 4141 lere
1225 4103 1280 4142 arnt
1293 4094 1318 4140 in
1334 4093 1463 4155 peripheriai
1478 4094 1561 4142 cuculi

278 4153 333 4202 Jam
350 4153 403 4200 verri
420 4154 480 4200 datis
490 4151 607 4214 triangulo
626 4151 687 4199 OK
701 4152 722 4208 l,
738 4153 769 4199 sd
786 4153 799 4200 1
814 4164 904 4201 rectan-
935 4155 1039 4212 maximi,
1061 4153 1160 4216 ideoque
1180 4167 1270 4204 somna
1290 4172 1319 4204 ex
1341 4157 1416 4205 Terra
1432 4159 1458 4204 in
1478 4159 1562 4206 circuli

277 4217 342 4279 gulo,
353 4216 477 4265 latitudine
490 4216 500 4262 l
515 4215 548 4272 K,
565 4223 589 4263 et
599 4215 686 4279 angulo
699 4215 722 4262 0
736 4214 763 4262 Κ
774 4215 795 4274 1,
813 4218 903 4265 inveni-
934 4219 1032 4266 maximi
1047 4219 1175 4280 peripherid
1192 4220 1298 4268 incedere
1316 4223 1442 4282 apparebit.
1477 4222 1560 4278 Quart

277 4289 317 4326 tur
332 4281 433 4388 anqulus
450 4281 463 4327 I
477 4280 501 4328 0
514 4280 547 4333 K,
565 4278 679 4342 denisque
694 4293 761 4326 arom
777 4280 801 4328 0
817 4281 840 4339 1,
856 4296 904 4344 quo
934 4280 1032 4330 sifilum
1044 4297 1086 4342 per
1095 4283 1143 4330 duo
1153 4283 1204 4331 loos
1214 4285 1327 4332 nansiena
1336 4287 1474 4333 extendatur
1485 4285 1560 4333 donee

338 4406 343 4416 Ι
376 4343 544 4419 pngitudinil,
559 4344 677 4390 obtinetur
687 4341 796 4418 distende
806 4345 863 4392 nodi
879 4346 903 4393 0
935 4344 1064 4405 aeliptioam
1074 4356 1098 4393 et
1108 4356 1247 4407 aquatorem
1257 4358 1326 4404 secet,
1337 4349 1484 4396 habebuntur
1492 4344 1561 4398 ¹locus

278 4405 911 4519 111115511151.15551ὲὶ1151
935 4409 1560 4538 iiiuttttuttrtltjttttttttflt‘

278 4536 330 4590 bus,
347 4533 445 4580 inveniri
460 4547 554 4595 quoque
563 4544 654 4583 motum
665 4543 761 4582 cometa
776 4535 904 4596 proprium,
969 4536 1003 4598 (¹³)
1016 4540 1029 4567 ⁴
1042 4540 1081 4586 Ex
1095 4541 1129 4586 tn
1144 4541 1228 4587 invem.
1265 4538 1321 4595 Qut
1335 4541 1425 4586 ratione
1440 4549 1563 4601 sequentes

278 4595 453 4644 inclinationem
463 4599 545 4644 orbita
555 4597 585 4644 ad
595 4608 735 4660 aequaturum
751 4608 774 4646 et
790 4610 904 4660 punctum
936 4599 1139 4648 determinationes
1149 4596 1238 4662 possint
1248 4602 1346 4650 inveniri
1356 4604 1393 4650 vel
1403 4603 1513 4665 graphica}
1524 4605 1563 4650 vel

277 4662 304 4708 in
314 4675 363 4724 quo
373 4660 447 4708 orbita
456 4659 498 4706 illa
508 4669 646 4722 aquatam
658 4662 786 4710 interserat.
937 4664 1086 4719 arithmetice,
1098 4675 1161 4726 patet
1168 4681 1197 4712 ex
1205 4667 1376 4714 condrostinse
1383 4667 1453 4726 Prop.
1464 4669 1566 4727 praeced.

312 4731 365 4775 154.
381 4724 468 4772 Iisdem
479 4723 559 4785 positis
568 4723 598 4772 sit
610 4725 636 4772 K
647 4725 712 4774 locus
723 4735 820 4774 cometae
830 4726 907 4789 primi
937 4736 961 4776 et
972 4743 1000 4776 ex
1011 4728 1040 4777 iis
1050 4745 1103 4792 quae
1112 4730 1168 4778 huie
1180 4730 1336 4792 Propositioni
1347 4731 1486 4780 addidimus.

750 2060 894 2123 illongitrs·
924 2058 1553 2123 modularenieturtempusquonajeritaequstorem.
1660 2087 1663 2093 ·
