3392 5675
336 447 403 513 AD
426 446 569 513 LUNAE
592 446 851 515 THEORIAM
873 445 1251 519 NEWTONIANAM.
1413 480 1435 521 v

148 614 269 706 legibus
289 620 462 684 secundum
487 620 572 705 ipsos
595 622 809 691 observatores
833 623 894 686 sint
918 623 1083 701 adstricta,
1107 647 1184 690 mox
1207 626 1303 691 tradit
1326 625 1434 715 quales

145 726 342 812 oequationes
353 748 393 789 ex
408 727 470 790 suis
486 728 616 791 calculis
626 740 787 815 emergant
800 740 833 791 et
847 750 992 814 quaenam
1007 730 1070 795 sint
1083 754 1190 795 aarum
1203 733 1297 819 leges.

191 832 300 917 Ipsum
314 844 376 895 tarn
392 833 658 897 observationibus
672 848 743 897 ante
758 836 862 919 ipsum
875 835 1032 913 institutis,
1056 860 1151 922 quam
1164 839 1432 907 observationibus

150 939 387 1007 Flamstedianis
412 966 504 1007 usmn
526 966 592 1007 esse
613 957 743 1022 constat,
766 946 830 1011 imo
850 956 883 1009 et
904 946 1007 1029 ipsum
1027 947 1142 1010 exinde
1164 948 1283 1011 tabulas
1307 950 1431 1014 lunares

147 1050 206 1113 sibi
221 1050 428 1113 construxisse
442 1049 547 1135 liquet,
571 1073 611 1113 ex
630 1052 747 1137 quibus·
757 1053 858 1117 multa
870 1052 990 1136 profert
1003 1075 1136 1137 quarum
1150 1055 1299 1141 pleraque
1313 1058 1347 1118 in
1363 1059 1431 1121 Ru·

147 1161 314 1245 delphinis,
341 1162 449 1225 autin
471 1161 658 1225 Ludoviceis
680 1163 791 1229 tabulis
815 1162 905 1226 facile
925 1184 990 1225 non
1003 1164 1255 1247 comperiuntur,
1282 1167 1337 1229 sed
1359 1190 1430 1252 quoe

145 1270 281 1359 maxime
303 1271 508 1335 consentiunt·
525 1292 598 1333 cum
618 1271 707 1334 novis
724 1270 767 1333 ill.
785 1271 908 1335 cassini
921 1271 1045 1348 tabulis,
1068 1272 1112 1333 ita
1133 1282 1168 1335 ut
1188 1294 1252 1357 quo
1264 1274 1430 1357 perfectihs

115 1458 118 1464 Ι
146 1376 217 1440 coeli
241 1388 344 1440 moms
368 1377 557 1463 dignoscunt
579 1378 757 1455 astronomi,
783 1398 821 1439 eo
843 1374 973 1460 prophis
996 1372 1280 1441 ad-Neatonianas
1295 1378 1429 1445 thennim

145 1482 292 1552 accedere
307 1481 589 1566 deprehendantur.

190 1590 237 1656 Ut
261 1592 365 1677 itaque
390 1592 623 1675 Solisactionis
646 1591 680 1654 in
704 1590 830 1657 Lunam
853 1603 886 1655 et
904 1592 975 1676 ejus
999 1591 1133 1654 orbitam
1156 1590 1307 1655 habeatur
1333 1594 1428 1669 rati03

144 1700 281 1783 primum
303 1701 360 1764 fiat
380 1700 546 1765 abstractio
569 1701 808 1765 excentricitatis
828 1701 940 1763 orbitae
960 1713 1025 1764 tam
1037 1700 1185 1766 -Telluris
1207 1702 1300 1788 quam
1315 1704 1428 1782 Lmrae,

7 1860 10 1871 .
145 1791 388 1891 deprehenditur
413 1808 499 1893 quod
525 1829 567 1871 ex
593 1808 674 1871 Solis
698 1808 820 1871 actione
844 1807 959 1869 mensis
982 1807 1158 1890 periodicus
1182 1807 1283 1871 Lu'naa
1305 1810 1429 1895 longior

7 1924 9 2023 ζ
144 1917 255 1981 evadat
268 1930 301 1981 et
314 1919 382 2003 ejus
396 1918 498 1981 orbita
513 1938 553 1979 ex
568 1916 712 1979 circulari
726 1916 758 1977 in
774 1914 908 1998 ellipsim
917 1926 1064 1990 mutetur,
1080 1916 1168 1999 cujus
1178 1938 1253 1978 axes
1263 1938 1320 1999 per
1332 1918 1428 2001 Prop.

146 2021 314 2085 XXVIII.
330 2035 403 2087 sunt
418 2022 623 2086 determinati.

188 2126 343 2203 Secundb,
360 2139 423 2189 tam
438 2148 478 2189 ex
493 2124 529 2190 eh
545 2124 645 2213 figuris
662 2146 756 2211 quam
765 2124 867 2189 orbita
879 2126 979 2187 Lunoe
990 2124 1101 2202 induit,
1118 2147 1211 2211 quam
1225 2148 1266 2191 ex
1278 2128 1430 2191 accelera-

113 2228 116 2237 ’
143 2232 228 2297 tione
258 2235 359 2297 Lunae
382 2254 440 2317 per
463 2244 676 2317 campartem
699 2231 828 2295 actionis
856 2230 937 2295 Solis
961 2252 1032 2316 quae
1056 2231 1229 2294 secundum
1251 2245 1431 2319 tangentem

144 2340 254 2403 orbitoe
274 2339 391 2402 lunaris
407 2339 559 2430 dirigitur,
576 2339 712 2402 nascitur
727 2338 857 2401 variatio
872 2360 968 2422 quam
978 2336 1091 2422 Tycho
1101 2339 1221 2422 primus
1244 2340 1428 2420 observavit,

7 2520 9 2529 ,
144 2460 176 2513 et
196 2447 364 2509 maumam
379 2444 601 2508 iaoetantibus
623 2446 704 2523 sot‘.
721 2444 836 2521 satur,
859 2443 946 2507 illam
968 2443 1011 2507 ilt
1030 2444 1178 2507 Coscinus
1190 2444 1263 2508 facit
1278 2447 1340 2509 ea‘.
1356 2450 1455 2542 rot..

144 2553 177 2616 in
193 2552 363 2617 Elementis
379 2551 599 2628 Astronomiae,
622 2573 692 2615 eam
712 2549 787 2615 verb
802 2551 870 2635 ipse
886 2549 1057 2615 Newtonus
1078 2552 1112 2613 in
1133 2551 1301 2635 hypothesi
1312 2554 1431 2619 orbitas

145 2662 280 2725 Telluris
295 2675 326 2726 et
341 2662 447 2725 Lunae.
458 2684 525 2725 asse
538 2660 706 2723 cirmlares
720 2662 780 2724 85¹.
798 2662 867 2723 10'‘.
882 2658 1045 2723 calculavit
1059 2658 1158 2741 Prop.
1172 2658 1308 2722 XXI'X.

187 2769 308 2848 Tertib,
325 2792 365 2833 ex
377 2768 412 2832 ed
429 2768 509 2833 Solis
521 2768 642 2832 actione
652 2768 789 2833 nascitur
800 2779 902 2830 motus
916 2768 1037 2854 apogoei
1060 2767 1176 2830 lunaris
1187 2768 1224 2829 in
1238 2790 1430 2854 consequen-

143 2881 197 2958 tia,
214 2882 303 2966 cujus
316 2893 420 2948 motus
435 2879 671 2942 fundamentum
684 2878 803 2940 indicat
818 2877 990 2940 Newtonus
1005 2877 1101 2960 Prop.
1117 2877 1224 2939 XLV.
1240 2878 1312 2940 Lib.
1329 2878 1356 2940 I.

187 2990 320 3068 Quarto,
343 2991 416 3054 inde
437 2989 718 3062 deduciturmotus
732 2987 854 3050 medius
868 2986 1025 3050 nodorum
1041 2986 1137 3068 Prop.
1153 2985 1307 3050 XXXII.
1319 2986 1429 3049 obser·

7 3073 8 3158 J
143 3101 316 3165 vastatus
330 3099 472 3185 proxime
487 3119 660 3185 congruus,
687 3096 795 3182 quina
810 3097 953 3181 denique,
970 3093 1178 3158 hemmonis
1191 3095 1429 3159 assissinos

142 3210 272 3273 mutatio
287 3209 462 3293 explicatur
479 3209 575 3291 Prop.
594 3205 762 3270 XXXIV.
778 3217 809 3268 et
824 3204 973 3268 XXXV.
1069 3213 1077 3228 '

187 3317 283 3380 Nunc
301 3316 377 3381 verd
391 3316 585 3402 adjungatur
603 3312 811 3378 consideratio
834 3313 1077 3378 excentricitatis
1097 3311 1208 3374 orbitae
1222 3310 1368 3390 Telluris,
1390 3311 1427 3376 eh

7 3419 8 3462 l
142 3428 179 3492 fit
193 3439 228 3494 ut
242 3428 322 3492 actio
334 3426 414 3492 Solis
426 3427 525 3509 major
540 3425 580 3489 ait
595 3421 667 3488 crim
678 3422 779 3487 Terra
790 3433 837 3485 est
851 3423 885 3484 in
898 3420 1050 3505 peribelio
1062 3443 1119 3484 suo
1131 3418 1224 3506 quim
1239 3421 1272 3482 in
1286 3421 1428 3515 aphelior

86 3597 90 3624 ;
142 3533 216 3596 inde
230 3534 370 3596 orientur
381 3531 586 3595 correctiones
597 3529 691 3593 variae
701 3528 751 3591 his
762 3527 908 3591 omnibus
919 3526 1021 3591 Lunoe
1032 3526 1190 3590 erroribus
1202 3525 1410 3612 adjungendae
1416 3549 1427 3601 ς
1440 3532 1443 3536 ’

113 3701 116 3710 ,
141 3639 279 3728 primdm
294 3643 366 3706 crim
386 3641 500 3705 mensis
514 3641 690 3724 periodicus
707 3639 808 3706 Lunae
822 3659 880 3722 per
894 3637 1048 3701 actionem
1063 3637 1145 3702 Solis
1159 3637 1284 3722 longior
1304 3635 1426 3710 evadat,

142 3763 174 3815 et
196 3763 298 3815 motus
326 3753 390 3836 ejus
414 3750 535 3813 medius
558 3761 720 3836 augeatur,
745 3748 778 3810 id
801 3748 1028 3810 incrementum
1051 3745 1176 3830 quando
1200 3745 1302 3808 Terra
1324 3755 1371 3806 est
1394 3743 1427 3804 in
1533 3739 1539 3749 ’

141 3857 293 3940 perihelio
308 3858 472 3941 majusest
486 3854 579 3942 qusim
595 3852 667 3918 edm
682 3855 774 3917 estin
790 3853 924 3936 aphelio,
947 3852 1022 3915 hinc
1035 3875 1072 3915 ea
1086 3852 1220 3915 tardatio
1233 3850 1427 3934 inaequaliter

8 3977 9 3980 ’
142 3965 175 4027 in
197 3978 317 4030 motum
333 3965 434 4029 Lunae
449 3965 623 4039 distributa,
646 3963 740 4026 efficit
755 3975 789 4044 ut
803 3961 865 4024 hoc
878 3962 1005 4024 ndmine
1019 3961 1107 4024 locus
1128 3961 1193 4044 ejus
1210 3981 1267 4043 per
1288 3956 1427 4020 medium

141 4088 263 4139 moturn
277 4077 419 4142 inventus
441 4076 481 4156 ab
503 4076 567 4159 ejus
582 4097 657 4137 vero
672 4074 742 4137 loco
756 4072 926 4149 dissentiat,
946 4071 1020 4135 hinc
1034 4073 1139 4157 itaque
1153 4073 1235 4134 notis
1249 4069 1363 4132 uostris
1386 4070 1427 4132 ad

7 4267 8 4270 Ἴ
141 4184 265 4247 initium
282 4185 398 4250 Scholii
419 4185 461 4248 ad
482 4185 598 4249 calcem
615 4185 709 4267 Prop.
728 4182 878 4246 XXXV.
900 4181 1021 4266 adjecti,
1044 4181 1129 4266 quod
1150 4179 1191 4243 ad
1212 4189 1309 4241 totam
1326 4178 1427 4242 Lunae

141 4291 295 4356 theoriam
317 4295 461 4377 pertinet,
485 4294 711 4356 incrementum
733 4291 873 4354 medium
887 4303 989 4354 motus
1015 4291 1110 4353 medii
1134 4311 1175 4352 ex
1200 4289 1321 4352 actione
1346 4287 1427 4352 Solis

142 4413 248 4466 ortum
273 4403 472 4489 assignamus,
497 4415 565 4468 tum
590 4415 707 4487 postea·
724 4402 881 4485 aperimus
904 4401 1056 4464 rationem
1081 4397 1141 4482 qud
1167 4399 1301 4461 obtineri
1325 4408 1427 4480 potest

7 4555 9 4606 ξ
141 4512 276 4594 aequatio
299 4531 356 4575 ceu
377 4513 527 4576 correctio
542 4523 645 4576 motus
666 4511 760 4574 medii
775 4509 952 4574 adhibenda
965 4519 1094 4591 propter
1116 4506 1301 4591 inaequalem
1317 4505 1428 4582 Terras

7 4607 8 4626 ³
142 4639 162 4678 a
185 4617 257 4682 Sole
272 4617 458 4694 distantiam,
482 4643 551 4704 quae
566 4619 693 4704 quidem
708 4619 842 4704 aequatio
857 4616 1033 4679 continetur
1048 4615 1081 4677 in
1096 4613 1133 4678 ed
1148 4637 1243 4699 quam
1262 4614 1304 4677 ill.
1323 4614 1427 4678 Cassi·
1537 4697 1541 4704 '

142 4725 319 4802 uua-titulo
332 4729 450 4792 Primae
464 4728 664 4811 AEquatioais
679 4729 805 4802 Solaria,
821 4725 925 4790 tradit.

432 4832 434 4840 ’
758 4831 782 4878 Α
797 4835 814 4876 3
