<?xml version="1.0" encoding="UTF-8"?>
<!DOCTYPE html PUBLIC "-//W3C//DTD XHTML 1.0 Transitional//EN"
    "http://www.w3.org/TR/xhtml1/DTD/xhtml1-transitional.dtd">
<html xmlns="http://www.w3.org/1999/xhtml" xml:lang="en" lang="en">
 <head>
  <title>
</title>
<meta http-equiv="Content-Type" content="text/html;charset=utf-8" />
  <meta name='ocr-system' content='tesseract 3.04.00' />
  <meta name='ocr-capabilities' content='ocr_page ocr_carea ocr_par ocr_line ocrx_word'/>
</head>
<body>
  <div class='ocr_page' id='page_1' title='image "./philosophinatur04wriggoog_0164.png"; bbox 0 0 3392 5675; ppageno 0'>
   <div class='ocr_carea' id='block_1_1' title="bbox 229 480 2814 564">
    <p class='ocr_par' dir='ltr' id='par_1_1' title="bbox 229 480 2814 564">
     <span class='ocr_line' id='line_1_1' title="bbox 229 480 2814 564; baseline 0.004 -19"><span class='ocrx_word' id='word_1_1' title='bbox 229 480 453 545; x_wconf 76' lang='lat' dir='ltr'>met</span> <span class='ocrx_word' id='word_1_2' title='bbox 478 481 838 564; x_wconf 51' lang='lat' dir='ltr'>Trauos]</span> <span class='ocrx_word' id='word_1_3' title='bbox 903 485 1387 551; x_wconf 87' lang='lat' dir='ltr'>PRINCIPIA</span> <span class='ocrx_word' id='word_1_4' title='bbox 1436 484 2186 556; x_wconf 89' lang='lat' dir='ltr'>MATHEMATICA.</span> <span class='ocrx_word' id='word_1_5' title='bbox 2693 500 2814 557; x_wconf 81' lang='lat'>153</span> 
     </span>
    </p>
   </div>
   <div class='ocr_carea' id='block_1_2' title="bbox 231 620 2826 855">
    <p class='ocr_par' dir='ltr' id='par_1_2' title="bbox 231 620 2826 855">
     <span class='ocr_line' id='line_1_2' title="bbox 231 620 2826 750; baseline 0.003 -32"><span class='ocrx_word' id='word_1_6' title='bbox 231 650 391 720; x_wconf 85' lang='lat' dir='ltr'>VH.</span> <span class='ocrx_word' id='word_1_7' title='bbox 435 668 507 721; x_wconf 89' lang='lat' dir='ltr'>ut</span> <span class='ocrx_word' id='word_1_8' title='bbox 549 671 796 742; x_wconf 81' lang='lat' dir='ltr'>oportet</span> <span class='ocrx_word' id='word_1_9' title='bbox 836 682 952 743; x_wconf 90' lang='lat' dir='ltr'>per</span> <span class='ocrx_word' id='word_1_10' title='bbox 998 660 1177 724; x_wconf 88' lang='lat' dir='ltr'>Lem.</span> <span class='ocrx_word' id='word_1_11' title='bbox 1224 660 1453 724; x_wconf 75' lang='lat' dir='ltr'>V111.:</span> <span class='ocrx_word' id='word_1_12' title='bbox 1499 672 1564 725; x_wconf 92' lang='lat' dir='ltr'>et</span> <span class='ocrx_word' id='word_1_13' title='bbox 1608 660 1666 725; x_wconf 89' lang='grc' dir='ltr'>Β</span> <span class='ocrx_word' id='word_1_14' title='bbox 1699 661 1758 724; x_wconf 90' lang='grc' dir='ltr'>Ε</span> <span class='ocrx_word' id='word_1_15' title='bbox 1787 684 1901 745; x_wconf 88' lang='lat' dir='ltr'>per</span> <span class='ocrx_word' id='word_1_16' title='bbox 1933 662 2111 726; x_wconf 88' lang='lat' dir='ltr'>Lem.</span> <span class='ocrx_word' id='word_1_17' title='bbox 2142 661 2269 750; x_wconf 83' lang='lat' dir='ltr'>XI.</span> <span class='ocrx_word' id='word_1_18' title='bbox 2318 663 2398 727; x_wconf 89' lang='lat' dir='ltr'>sit</span> <span class='ocrx_word' id='word_1_19' title='bbox 2436 685 2582 747; x_wconf 88' lang='lat' dir='ltr'>pars</span> <span class='ocrx_word' id='word_1_20' title='bbox 2624 620 2826 727; x_wconf 42' lang='lat' dir='ltr'>rectae.</span> 
     </span>
     <span class='ocr_line' id='line_1_3' title="bbox 233 762 2808 855; baseline 0.002 -28"><span class='ocrx_word' id='word_1_21' title='bbox 233 762 294 827; x_wconf 90' lang='lat' dir='ltr'>B</span> <span class='ocrx_word' id='word_1_22' title='bbox 329 765 375 828; x_wconf 92' lang='lat' dir='ltr'>S</span> <span class='ocrx_word' id='word_1_23' title='bbox 405 765 503 828; x_wconf 86' lang='lat' dir='ltr'>vel</span> <span class='ocrx_word' id='word_1_24' title='bbox 535 766 591 829; x_wconf 91' lang='lat' dir='ltr'>B</span> <span class='ocrx_word' id='word_1_25' title='bbox 621 768 657 846; x_wconf 86' lang='grc' dir='ltr'><em>ξ</em></span> <span class='ocrx_word' id='word_1_26' title='bbox 685 768 751 830; x_wconf 88' lang='lat' dir='ltr'>in</span> <span class='ocrx_word' id='word_1_27' title='bbox 779 766 972 852; x_wconf 84' lang='lat' dir='ltr'>plano</span> <span class='ocrx_word' id='word_1_28' title='bbox 1001 768 1304 851; x_wconf 84' lang='lat' dir='ltr'>eclipticae</span> <span class='ocrx_word' id='word_1_29' title='bbox 1335 768 1507 832; x_wconf 86' lang='lat' dir='ltr'>arcui</span> <span class='ocrx_word' id='word_1_30' title='bbox 1536 767 1600 830; x_wconf 91' lang='lat' dir='ltr'>A</span> <span class='ocrx_word' id='word_1_31' title='bbox 1633 767 1689 830; x_wconf 88' lang='lat' dir='ltr'>B</span> <span class='ocrx_word' id='word_1_32' title='bbox 1725 768 1780 833; x_wconf 86' lang='lat' dir='ltr'>C</span> <span class='ocrx_word' id='word_1_33' title='bbox 1810 781 1875 833; x_wconf 91' lang='lat' dir='ltr'>et</span> <span class='ocrx_word' id='word_1_34' title='bbox 1898 768 2157 832; x_wconf 75' lang='lat' dir='ltr'>chordae&#39;</span> <span class='ocrx_word' id='word_1_35' title='bbox 2188 770 2249 833; x_wconf 91' lang='lat' dir='ltr'>A</span> <span class='ocrx_word' id='word_1_36' title='bbox 2281 768 2340 834; x_wconf 90' lang='lat' dir='ltr'><strong>E</strong></span> <span class='ocrx_word' id='word_1_37' title='bbox 2366 769 2422 835; x_wconf 89' lang='lat' dir='ltr'>C</span> <span class='ocrx_word' id='word_1_38' title='bbox 2450 769 2808 855; x_wconf 72' lang='lat' dir='ltr'>intexjecta3</span> 
     </span>
    </p>
   </div>
   <div class='ocr_carea' id='block_1_3' title="bbox 634 976 2259 1916">
    <p class='ocr_par' dir='ltr' id='par_1_3' title="bbox 634 976 2259 1916">
     <span class='ocr_line' id='line_1_4' title="bbox 634 976 2259 1916; baseline 0 0"><span class='ocrx_word' id='word_1_39' title='bbox 634 976 2259 1916; x_wconf 95' lang='lat' dir='ltr'> </span> 
     </span>
    </p>
   </div>
   <div class='ocr_carea' id='block_1_4' title="bbox 228 2108 2803 2314">
    <p class='ocr_par' dir='ltr' id='par_1_4' title="bbox 228 2108 2803 2314">
     <span class='ocr_line' id='line_1_5' title="bbox 229 2108 2803 2206; baseline 0.006 -32"><span class='ocrx_word' id='word_1_40' title='bbox 229 2122 296 2175; x_wconf 91' lang='lat' dir='ltr'>et</span> <span class='ocrx_word' id='word_1_41' title='bbox 325 2110 407 2175; x_wconf 94' lang='lat' dir='ltr'>M</span> <span class='ocrx_word' id='word_1_42' title='bbox 439 2110 495 2175; x_wconf 95' lang='lat' dir='ltr'>P</span> <span class='ocrx_word' id='word_1_43' title='bbox 539 2115 679 2200; x_wconf 88' lang='lat' dir='ltr'>(per</span> <span class='ocrx_word' id='word_1_44' title='bbox 724 2108 936 2174; x_wconf 87' lang='lat' dir='ltr'>Corol.</span> <span class='ocrx_word' id='word_1_45' title='bbox 970 2110 1150 2190; x_wconf 80' lang='lat' dir='ltr'>Lem.</span> <span class='ocrx_word' id='word_1_46' title='bbox 1183 2110 1299 2189; x_wconf 88' lang='lat' dir='ltr'>X.)</span> <span class='ocrx_word' id='word_1_47' title='bbox 1344 2110 1671 2197; x_wconf 76' lang='lat' dir='ltr'>longitudo</span> <span class='ocrx_word' id='word_1_48' title='bbox 1701 2114 1780 2177; x_wconf 89' lang='lat' dir='ltr'>sit</span> <span class='ocrx_word' id='word_1_49' title='bbox 1809 2114 2063 2180; x_wconf 76' lang='lat' dir='ltr'>chordae</span> <span class='ocrx_word' id='word_1_50' title='bbox 2092 2139 2291 2197; x_wconf 88' lang='lat' dir='ltr'>arcus,</span> <span class='ocrx_word' id='word_1_51' title='bbox 2338 2143 2523 2206; x_wconf 91' lang='lat' dir='ltr'>quem</span> <span class='ocrx_word' id='word_1_52' title='bbox 2563 2135 2803 2189; x_wconf 88' lang='lat' dir='ltr'>cometa</span> 
     </span>
     <span class='ocr_line' id='line_1_6' title="bbox 228 2218 2798 2314; baseline 0.005 -29"><span class='ocrx_word' id='word_1_53' title='bbox 228 2223 298 2285; x_wconf 87' lang='lat' dir='ltr'>in</span> <span class='ocrx_word' id='word_1_54' title='bbox 325 2222 479 2286; x_wconf 86' lang='lat' dir='ltr'>orbe</span> <span class='ocrx_word' id='word_1_55' title='bbox 520 2222 778 2306; x_wconf 89' lang='lat' dir='ltr'>proprio</span> <span class='ocrx_word' id='word_1_56' title='bbox 819 2222 983 2285; x_wconf 90' lang='lat' dir='ltr'>inter</span> <span class='ocrx_word' id='word_1_57' title='bbox 1008 2218 1500 2283; x_wconf 84' lang='lat' dir='ltr'>observationem</span> <span class='ocrx_word' id='word_1_58' title='bbox 1529 2222 1798 2305; x_wconf 84' lang='lat' dir='ltr'><strong>primam</strong></span> <span class='ocrx_word' id='word_1_59' title='bbox 1826 2247 1900 2287; x_wconf 84' lang='lat' dir='ltr'>ac</span> <span class='ocrx_word' id='word_1_60' title='bbox 1943 2226 2186 2291; x_wconf 81' lang='lat' dir='ltr'>tertiam</span> <span class='ocrx_word' id='word_1_61' title='bbox 2215 2228 2563 2314; x_wconf 70' lang='lat' dir='ltr'>describere</span> <span class='ocrx_word' id='word_1_62' title='bbox 2592 2231 2798 2312; x_wconf 88' lang='lat' dir='ltr'>debet,</span> 
     </span>
    </p>
   </div>
   <div class='ocr_carea' id='block_1_5' title="bbox 226 2382 1326 2958">
    <p class='ocr_par' dir='ltr' id='par_1_5' title="bbox 226 2382 1326 2958">
     <span class='ocr_line' id='line_1_7' title="bbox 299 2382 1325 2447; baseline -0.003 -14"><span class='ocrx_word' id='word_1_63' title='bbox 299 2391 404 2434; x_wconf 77' lang='grc'><strong>145.</strong></span> <span class='ocrx_word' id='word_1_64' title='bbox 447 2388 662 2435; x_wconf 82' lang='lat' dir='ltr'>Lemma·</span> <span class='ocrx_word' id='word_1_65' title='bbox 733 2385 802 2432; x_wconf 90' lang='lat' dir='ltr'>Sit</span> <span class='ocrx_word' id='word_1_66' title='bbox 830 2385 1033 2447; x_wconf 77' lang='lat' dir='ltr'>angulus</span> <span class='ocrx_word' id='word_1_67' title='bbox 1060 2382 1325 2431; x_wconf 75' lang='lat' dir='ltr'>rectilineus</span> 
     </span>
     <span class='ocr_line' id='line_1_8' title="bbox 234 2447 1325 2513; baseline -0.005 -16"><span class='ocrx_word' id='word_1_68' title='bbox 234 2452 280 2497; x_wconf 84' lang='lat' dir='ltr'>A</span> <span class='ocrx_word' id='word_1_69' title='bbox 306 2451 415 2504; x_wconf 82' lang='lat' dir='ltr'>QB</span> <span class='ocrx_word' id='word_1_70' title='bbox 456 2450 712 2513; x_wconf 85' lang='lat' dir='ltr'>datumque</span> <span class='ocrx_word' id='word_1_71' title='bbox 748 2462 977 2509; x_wconf 85' lang='lat' dir='ltr'>punctum</span> <span class='ocrx_word' id='word_1_72' title='bbox 1015 2448 1080 2506; x_wconf 86' lang='lat' dir='ltr'>S;</span> <span class='ocrx_word' id='word_1_73' title='bbox 1114 2451 1225 2493; x_wconf 87' lang='lat' dir='ltr'>item</span> <span class='ocrx_word' id='word_1_74' title='bbox 1265 2447 1325 2493; x_wconf 85' lang='lat' dir='ltr'>sit</span> 
     </span>
     <span class='ocr_line' id='line_1_9' title="bbox 228 2510 1325 2573; baseline -0.004 -12"><span class='ocrx_word' id='word_1_75' title='bbox 228 2530 371 2561; x_wconf 82' lang='lat' dir='ltr'>curva</span> <span class='ocrx_word' id='word_1_76' title='bbox 424 2515 481 2562; x_wconf 85' lang='lat' dir='ltr'><strong>M</strong></span> <span class='ocrx_word' id='word_1_77' title='bbox 514 2516 559 2562; x_wconf 93' lang='grc' dir='ltr'>Ο</span> <span class='ocrx_word' id='word_1_78' title='bbox 587 2516 650 2572; x_wconf 83' lang='grc' dir='ltr'>Ν,</span> <span class='ocrx_word' id='word_1_79' title='bbox 711 2514 816 2561; x_wconf 83' lang='lat' dir='ltr'>talis</span> <span class='ocrx_word' id='word_1_80' title='bbox 858 2523 912 2559; x_wconf 87' lang='lat' dir='ltr'>ut</span> <span class='ocrx_word' id='word_1_81' title='bbox 955 2528 1038 2573; x_wconf 83' lang='lat' dir='ltr'>per</span> <span class='ocrx_word' id='word_1_82' title='bbox 1095 2514 1127 2559; x_wconf 92' lang='lat' dir='ltr'>S</span> <span class='ocrx_word' id='word_1_83' title='bbox 1181 2510 1325 2559; x_wconf 55' lang='lat' dir='ltr'>ducta</span> 
     </span>
     <span class='ocr_line' id='line_1_10' title="bbox 227 2574 1322 2639; baseline -0.004 -16"><span class='ocrx_word' id='word_1_84' title='bbox 227 2578 390 2639; x_wconf 64' lang='lat' dir='ltr'>quivis</span> <span class='ocrx_word' id='word_1_85' title='bbox 430 2577 556 2625; x_wconf 60' lang='lat' dir='ltr'>recta</span> <span class='ocrx_word' id='word_1_86' title='bbox 593 2578 626 2625; x_wconf 90' lang='lat' dir='ltr'>S</span> <span class='ocrx_word' id='word_1_87' title='bbox 666 2578 711 2625; x_wconf 89' lang='lat' dir='ltr'><strong>E</strong></span> <span class='ocrx_word' id='word_1_88' title='bbox 749 2578 806 2624; x_wconf 80' lang='lat' dir='ltr'>sit</span> <span class='ocrx_word' id='word_1_89' title='bbox 856 2578 899 2624; x_wconf 85' lang='lat' dir='ltr'>B</span> <span class='ocrx_word' id='word_1_90' title='bbox 926 2577 991 2633; x_wconf 86' lang='lat' dir='ltr'>E,</span> <span class='ocrx_word' id='word_1_91' title='bbox 1033 2574 1197 2637; x_wconf 81' lang='lat' dir='ltr'>anguli</span> <span class='ocrx_word' id='word_1_92' title='bbox 1253 2574 1322 2620; x_wconf 79' lang='lat' dir='ltr'>la-</span> 
     </span>
     <span class='ocr_line' id='line_1_11' title="bbox 229 2638 1325 2702; baseline -0.003 -14"><span class='ocrx_word' id='word_1_93' title='bbox 229 2642 408 2688; x_wconf 84' lang='lat' dir='ltr'>teribus</span> <span class='ocrx_word' id='word_1_94' title='bbox 458 2643 723 2702; x_wconf 84' lang='lat' dir='ltr'>intercepta,</span> <span class='ocrx_word' id='word_1_95' title='bbox 779 2639 971 2702; x_wconf 83' lang='lat' dir='ltr'>aequalis</span> <span class='ocrx_word' id='word_1_96' title='bbox 1023 2651 1162 2686; x_wconf 81' lang='lat' dir='ltr'>rectoe</span> <span class='ocrx_word' id='word_1_97' title='bbox 1207 2638 1325 2700; x_wconf 58' lang='lat' dir='ltr'>SO,</span> 
     </span>
     <span class='ocr_line' id='line_1_12' title="bbox 228 2702 1326 2766; baseline -0.003 -15"><span class='ocrx_word' id='word_1_98' title='bbox 228 2705 318 2752; x_wconf 83' lang='lat' dir='ltr'>erit</span> <span class='ocrx_word' id='word_1_99' title='bbox 361 2720 502 2753; x_wconf 83' lang='lat' dir='ltr'>curva</span> <span class='ocrx_word' id='word_1_100' title='bbox 548 2707 604 2753; x_wconf 92' lang='lat' dir='ltr'><strong>M</strong></span> <span class='ocrx_word' id='word_1_101' title='bbox 649 2708 694 2752; x_wconf 85' lang='lat'>0</span> <span class='ocrx_word' id='word_1_102' title='bbox 740 2705 803 2760; x_wconf 90' lang='lat' dir='ltr'>N,</span> <span class='ocrx_word' id='word_1_103' title='bbox 844 2704 1108 2766; x_wconf 84' lang='lat' dir='ltr'>hyperbola.</span> <span class='ocrx_word' id='word_1_104' title='bbox 1195 2702 1326 2749; x_wconf 80' lang='lat' dir='ltr'>Nam</span> 
     </span>
     <span class='ocr_line' id='line_1_13' title="bbox 227 2768 1325 2848; baseline -0.004 -34"><span class='ocrx_word' id='word_1_105' title='bbox 227 2769 428 2816; x_wconf 85' lang='lat' dir='ltr'>ducatur</span> <span class='ocrx_word' id='word_1_106' title='bbox 449 2771 481 2816; x_wconf 92' lang='lat' dir='ltr'>S</span> <span class='ocrx_word' id='word_1_107' title='bbox 497 2770 554 2823; x_wconf 86' lang='lat' dir='ltr'>L,</span> <span class='ocrx_word' id='word_1_108' title='bbox 574 2768 632 2815; x_wconf 85' lang='lat' dir='ltr'>ad</span> <span class='ocrx_word' id='word_1_109' title='bbox 658 2770 700 2815; x_wconf 94' lang='lat' dir='ltr'>B</span> <span class='ocrx_word' id='word_1_110' title='bbox 730 2770 792 2824; x_wconf 81' lang='lat' dir='ltr'>Q,</span> <span class='ocrx_word' id='word_1_111' title='bbox 812 2768 1042 2848; x_wconf 67' lang='lat' dir='ltr'>paranda,</span> <span class='ocrx_word' id='word_1_112' title='bbox 1059 2780 1325 2813; x_wconf 77' lang='lat' dir='ltr'>occurrens-</span> 
     </span>
     <span class='ocr_line' id='line_1_14' title="bbox 226 2831 1322 2958; baseline -0.005 -15"><span class='ocrx_word' id='word_1_113' title='bbox 226 2834 615 2958; x_wconf 42' lang='lat'>33252321‘}</span> <span class='ocrx_word' id='word_1_114' title='bbox 627 2849 698 2944; x_wconf 68' lang='grc' dir='ltr'>Ἴ,</span> <span class='ocrx_word' id='word_1_115' title='bbox 713 2832 1036 2952; x_wconf 63' lang='lat' dir='ltr'>¹i’=¹¹¹1¹j²‹f{?</span> <span class='ocrx_word' id='word_1_116' title='bbox 1062 2831 1322 2958; x_wconf 53' lang='grc' dir='ltr'>ξὲηέξὶἳζ</span> 
     </span>
    </p>
   </div>
   <div class='ocr_carea' id='block_1_6' title="bbox 471 3471 515 3520">
    <p class='ocr_par' dir='ltr' id='par_1_6' title="bbox 471 3471 515 3520">
     <span class='ocr_line' id='line_1_15' title="bbox 471 3471 515 3520; textangle 90"><span class='ocrx_word' id='word_1_117' title='bbox 471 3471 515 3520; x_wconf 68' lang='grc' dir='ltr'>Γ*</span> 
     </span>
    </p>
   </div>
   <div class='ocr_carea' id='block_1_7' title="bbox 128 3470 1578 4877">
    <p class='ocr_par' dir='ltr' id='par_1_7' title="bbox 150 3470 1479 4301">
     <span class='ocr_line' id='line_1_16' title="bbox 541 3470 1076 3520; baseline -0.006 -1"><span class='ocrx_word' id='word_1_118' title='bbox 541 3473 611 3520; x_wconf 91' lang='grc' dir='ltr'>Η.</span> <span class='ocrx_word' id='word_1_119' title='bbox 684 3472 822 3518; x_wconf 87' lang='lat' dir='ltr'>Unde</span> <span class='ocrx_word' id='word_1_120' title='bbox 853 3471 940 3518; x_wconf 85' lang='lat' dir='ltr'>erit</span> <span class='ocrx_word' id='word_1_121' title='bbox 1033 3470 1076 3516; x_wconf 88' lang='lat' dir='ltr'>L</span> 
     </span>
     <span class='ocr_line' id='line_1_17' title="bbox 488 3534 1080 3591; baseline -0.005 -8"><span class='ocrx_word' id='word_1_122' title='bbox 488 3541 538 3591; x_wconf 89' lang='grc'>&gt;&lt;</span> <span class='ocrx_word' id='word_1_123' title='bbox 581 3536 625 3583; x_wconf 93' lang='lat' dir='ltr'>L</span> <span class='ocrx_word' id='word_1_124' title='bbox 664 3538 732 3590; x_wconf 89' lang='lat' dir='ltr'>H,</span> <span class='ocrx_word' id='word_1_125' title='bbox 767 3536 840 3582; x_wconf 82' lang='lat' dir='ltr'>vel</span> <span class='ocrx_word' id='word_1_126' title='bbox 873 3536 912 3581; x_wconf 90' lang='lat' dir='ltr'>Z</span> <span class='ocrx_word' id='word_1_127' title='bbox 949 3534 993 3581; x_wconf 93' lang='lat' dir='ltr'>L</span> <span class='ocrx_word' id='word_1_128' title='bbox 1030 3540 1080 3589; x_wconf 85' lang='grc' dir='ltr'>Χ</span> 
     </span>
     <span class='ocr_line' id='line_1_18' title="bbox 296 3597 1215 3661; baseline -0.001 -17"><span class='ocrx_word' id='word_1_129' title='bbox 296 3599 344 3644; x_wconf 88' lang='grc' dir='ltr'><strong>Κ</strong></span> <span class='ocrx_word' id='word_1_130' title='bbox 373 3605 423 3655; x_wconf 89' lang='grc'>&gt;&lt;</span> <span class='ocrx_word' id='word_1_131' title='bbox 452 3599 500 3645; x_wconf 88' lang='lat' dir='ltr'>K</span> <span class='ocrx_word' id='word_1_132' title='bbox 527 3599 588 3656; x_wconf 91' lang='lat' dir='ltr'>O,</span> <span class='ocrx_word' id='word_1_133' title='bbox 612 3597 810 3661; x_wconf 69' lang='lat' dir='ltr'>ideoque</span> <span class='ocrx_word' id='word_1_134' title='bbox 832 3614 972 3646; x_wconf 84' lang='lat' dir='ltr'>curva</span> <span class='ocrx_word' id='word_1_135' title='bbox 995 3598 1053 3644; x_wconf 88' lang='lat' dir='ltr'>M</span> <span class='ocrx_word' id='word_1_136' title='bbox 1079 3598 1126 3644; x_wconf 90' lang='lat' dir='ltr'>O</span> <span class='ocrx_word' id='word_1_137' title='bbox 1152 3597 1215 3651; x_wconf 87' lang='lat' dir='ltr'>N,</span> 
     </span>
     <span class='ocr_line' id='line_1_19' title="bbox 209 3660 1314 3726; baseline -0.002 -18"><span class='ocrx_word' id='word_1_138' title='bbox 209 3663 475 3723; x_wconf 80' lang='lat' dir='ltr'>-hyperbola</span> <span class='ocrx_word' id='word_1_139' title='bbox 516 3668 652 3726; x_wconf 77' lang='lat' dir='ltr'>quus</span> <span class='ocrx_word' id='word_1_140' title='bbox 693 3663 940 3725; x_wconf 82' lang='lat' dir='ltr'>asymptoti</span> <span class='ocrx_word' id='word_1_141' title='bbox 987 3662 1026 3707; x_wconf 93' lang='lat' dir='ltr'>Z</span> <span class='ocrx_word' id='word_1_142' title='bbox 1075 3662 1138 3719; x_wconf 80' lang='lat' dir='ltr'>A,</span> <span class='ocrx_word' id='word_1_143' title='bbox 1194 3661 1233 3706; x_wconf 93' lang='lat' dir='ltr'>Z</span> <span class='ocrx_word' id='word_1_144' title='bbox 1281 3660 1314 3707; x_wconf 92' lang='lat' dir='ltr'>S</span> 
     </span>
     <span class='ocr_line' id='line_1_20' title="bbox 227 3726 718 3790; baseline 0.006 -19"><span class='ocrx_word' id='word_1_145' title='bbox 227 3727 389 3790; x_wconf 85' lang='lat' dir='ltr'>(Lem.</span> <span class='ocrx_word' id='word_1_146' title='bbox 422 3726 462 3774; x_wconf 87' lang='lat'>1.</span> <span class='ocrx_word' id='word_1_147' title='bbox 489 3726 549 3773; x_wconf 90' lang='lat' dir='ltr'>de</span> <span class='ocrx_word' id='word_1_148' title='bbox 570 3728 718 3788; x_wconf 73' lang='lat' dir='ltr'>con0).</span> 
     </span>
     <span class='ocr_line' id='line_1_21' title="bbox 295 3788 1478 3850; baseline 0.002 -14"><span class='ocrx_word' id='word_1_149' title='bbox 295 3795 398 3837; x_wconf 86' lang='grc'><strong>144.</strong></span> <span class='ocrx_word' id='word_1_150' title='bbox 453 3794 593 3839; x_wconf 80' lang='lat' dir='ltr'>Corot.</span> <span class='ocrx_word' id='word_1_151' title='bbox 667 3791 802 3838; x_wconf 89' lang='lat' dir='ltr'>Hinc</span> <span class='ocrx_word' id='word_1_152' title='bbox 835 3805 918 3850; x_wconf 85' lang='lat' dir='ltr'>per</span> <span class='ocrx_word' id='word_1_153' title='bbox 954 3788 1118 3837; x_wconf 82' lang='lat' dir='ltr'>datum</span> <span class='ocrx_word' id='word_1_154' title='bbox 1155 3797 1385 3848; x_wconf 80' lang='lat' dir='ltr'>punctum</span> <span class='ocrx_word' id='word_1_155' title='bbox 1429 3791 1478 3848; x_wconf 88' lang='lat' dir='ltr'>S,</span> 
     </span>
     <span class='ocr_line' id='line_1_22' title="bbox 150 3852 1476 3916; baseline 0.002 -17"><span class='ocrx_word' id='word_1_156' title='bbox 150 3860 154 3864; x_wconf 74' lang='grc'>’</span> <span class='ocrx_word' id='word_1_157' title='bbox 226 3864 352 3900; x_wconf 85' lang='lat' dir='ltr'>recta</span> <span class='ocrx_word' id='word_1_158' title='bbox 389 3853 513 3902; x_wconf 82' lang='lat' dir='ltr'>linea</span> <span class='ocrx_word' id='word_1_159' title='bbox 549 3854 659 3901; x_wconf 83' lang='lat' dir='ltr'>duci</span> <span class='ocrx_word' id='word_1_160' title='bbox 692 3862 843 3916; x_wconf 79' lang='lat' dir='ltr'>potest</span> <span class='ocrx_word' id='word_1_161' title='bbox 873 3852 940 3900; x_wconf 63' lang='lat' dir='ltr'>ita</span> <span class='ocrx_word' id='word_1_162' title='bbox 960 3864 1015 3900; x_wconf 89' lang='lat' dir='ltr'>ut</span> <span class='ocrx_word' id='word_1_163' title='bbox 1047 3868 1150 3912; x_wconf 83' lang='lat' dir='ltr'>pars</span> <span class='ocrx_word' id='word_1_164' title='bbox 1171 3863 1307 3897; x_wconf 84' lang='lat' dir='ltr'>rectae</span> <span class='ocrx_word' id='word_1_165' title='bbox 1344 3854 1386 3900; x_wconf 90' lang='lat' dir='ltr'><strong>B</strong></span> <span class='ocrx_word' id='word_1_166' title='bbox 1414 3854 1476 3912; x_wconf 86' lang='lat' dir='ltr'>E,</span> 
     </span>
     <span class='ocr_line' id='line_1_23' title="bbox 223 3917 1476 3980; baseline 0.002 -17"><span class='ocrx_word' id='word_1_167' title='bbox 223 3917 444 3964; x_wconf 85' lang='lat' dir='ltr'>lateribus</span> <span class='ocrx_word' id='word_1_168' title='bbox 505 3919 695 3980; x_wconf 82' lang='lat' dir='ltr'>anguli&#39;</span> <span class='ocrx_word' id='word_1_169' title='bbox 738 3919 834 3966; x_wconf 88' lang='lat' dir='ltr'>dati</span> <span class='ocrx_word' id='word_1_170' title='bbox 906 3918 952 3964; x_wconf 85' lang='lat' dir='ltr'><strong>E</strong></span> <span class='ocrx_word' id='word_1_171' title='bbox 995 3918 1046 3972; x_wconf 83' lang='lat' dir='ltr'>Q</span> <span class='ocrx_word' id='word_1_172' title='bbox 1090 3917 1147 3970; x_wconf 87' lang='grc' dir='ltr'>Β,</span> <span class='ocrx_word' id='word_1_173' title='bbox 1211 3918 1476 3978; x_wconf 81' lang='lat' dir='ltr'>intercepta,</span> 
     </span>
     <span class='ocr_line' id='line_1_24' title="bbox 223 3978 1478 4042; baseline -0.002 -17"><span class='ocrx_word' id='word_1_174' title='bbox 223 3981 418 4042; x_wconf 85' lang='lat' dir='ltr'>aequalis</span> <span class='ocrx_word' id='word_1_175' title='bbox 439 3981 497 4029; x_wconf 85' lang='lat' dir='ltr'>sit</span> <span class='ocrx_word' id='word_1_176' title='bbox 525 3995 662 4029; x_wconf 82' lang='lat' dir='ltr'>rectae</span> <span class='ocrx_word' id='word_1_177' title='bbox 683 3983 819 4030; x_wconf 84' lang='lat' dir='ltr'>datae.</span> <span class='ocrx_word' id='word_1_178' title='bbox 893 3982 1021 4029; x_wconf 87' lang='lat' dir='ltr'>Nam</span> <span class='ocrx_word' id='word_1_179' title='bbox 1054 3978 1278 4038; x_wconf 61' lang='lat' dir='ltr'>descripta</span> <span class='ocrx_word' id='word_1_180' title='bbox 1305 3981 1478 4042; x_wconf 78' lang='lat' dir='ltr'>hyper.</span> 
     </span>
     <span class='ocr_line' id='line_1_25' title="bbox 221 4043 1479 4103; baseline 0.001 -13"><span class='ocrx_word' id='word_1_181' title='bbox 221 4044 331 4090; x_wconf 66' lang='lat' dir='ltr'>bola</span> <span class='ocrx_word' id='word_1_182' title='bbox 356 4045 414 4092; x_wconf 89' lang='lat' dir='ltr'><strong>M</strong></span> <span class='ocrx_word' id='word_1_183' title='bbox 437 4047 483 4094; x_wconf 92' lang='grc' dir='ltr'>Ο</span> <span class='ocrx_word' id='word_1_184' title='bbox 505 4047 570 4103; x_wconf 86' lang='grc' dir='ltr'>Ν,</span> <span class='ocrx_word' id='word_1_185' title='bbox 593 4059 753 4094; x_wconf 84' lang='lat' dir='ltr'>centro</span> <span class='ocrx_word' id='word_1_186' title='bbox 779 4047 823 4100; x_wconf 91' lang='lat' dir='ltr'>S,</span> <span class='ocrx_word' id='word_1_187' title='bbox 857 4043 1099 4092; x_wconf 81' lang='lat' dir='ltr'>intervallo</span> <span class='ocrx_word' id='word_1_188' title='bbox 1120 4044 1274 4090; x_wconf 82' lang='lat' dir='ltr'>datam</span> <span class='ocrx_word' id='word_1_189' title='bbox 1305 4055 1479 4091; x_wconf 83' lang='lat' dir='ltr'>rectam</span> 
     </span>
     <span class='ocr_line' id='line_1_26' title="bbox 223 4107 1477 4170; baseline -0.004 -15"><span class='ocrx_word' id='word_1_190' title='bbox 223 4121 450 4170; x_wconf 82' lang='lat' dir='ltr'>aequante,</span> <span class='ocrx_word' id='word_1_191' title='bbox 475 4110 759 4157; x_wconf 83' lang='lat' dir='ltr'>describatur</span> <span class='ocrx_word' id='word_1_192' title='bbox 780 4109 984 4157; x_wconf 87' lang='lat' dir='ltr'>circulus</span> <span class='ocrx_word' id='word_1_193' title='bbox 1014 4107 1311 4169; x_wconf 81' lang='lat' dir='ltr'>hyperbolam</span> <span class='ocrx_word' id='word_1_194' title='bbox 1333 4108 1477 4155; x_wconf 81' lang='lat' dir='ltr'>inter.</span> 
     </span>
     <span class='ocr_line' id='line_1_27' title="bbox 221 4171 1475 4235; baseline 0.002 -17"><span class='ocrx_word' id='word_1_195' title='bbox 221 4187 380 4220; x_wconf 79' lang='lat' dir='ltr'>secans</span> <span class='ocrx_word' id='word_1_196' title='bbox 402 4173 450 4218; x_wconf 92' lang='lat' dir='ltr'>in</span> <span class='ocrx_word' id='word_1_197' title='bbox 485 4174 547 4231; x_wconf 91' lang='lat' dir='ltr'>O,</span> <span class='ocrx_word' id='word_1_198' title='bbox 586 4185 633 4221; x_wconf 89' lang='lat' dir='ltr'>et</span> <span class='ocrx_word' id='word_1_199' title='bbox 665 4174 948 4235; x_wconf 86' lang='lat' dir='ltr'>producatur</span> <span class='ocrx_word' id='word_1_200' title='bbox 981 4172 1014 4219; x_wconf 92' lang='lat' dir='ltr'>S</span> <span class='ocrx_word' id='word_1_201' title='bbox 1039 4171 1086 4220; x_wconf 92' lang='grc'>0</span> <span class='ocrx_word' id='word_1_202' title='bbox 1122 4172 1184 4228; x_wconf 88' lang='grc' dir='ltr'>Ε,</span> <span class='ocrx_word' id='word_1_203' title='bbox 1224 4172 1311 4218; x_wconf 86' lang='lat' dir='ltr'>erit</span> <span class='ocrx_word' id='word_1_204' title='bbox 1347 4173 1391 4219; x_wconf 92' lang='lat' dir='ltr'>B</span> <span class='ocrx_word' id='word_1_205' title='bbox 1428 4172 1475 4220; x_wconf 84' lang='grc' dir='ltr'><strong>Ε</strong></span> 
     </span>
     <span class='ocr_line' id='line_1_28' title="bbox 219 4236 1031 4301; baseline 0.002 -19"><span class='ocrx_word' id='word_1_206' title='bbox 219 4237 415 4299; x_wconf 67' lang='lat' dir='ltr'>aqualis</span> <span class='ocrx_word' id='word_1_207' title='bbox 435 4247 571 4284; x_wconf 81' lang='lat' dir='ltr'>rectae</span> <span class='ocrx_word' id='word_1_208' title='bbox 592 4238 713 4284; x_wconf 85' lang='lat' dir='ltr'>datae</span> <span class='ocrx_word' id='word_1_209' title='bbox 739 4239 771 4285; x_wconf 90' lang='lat' dir='ltr'>S</span> <span class='ocrx_word' id='word_1_210' title='bbox 798 4238 843 4285; x_wconf 92' lang='lat' dir='ltr'>O</span> <span class='ocrx_word' id='word_1_211' title='bbox 873 4236 1031 4301; x_wconf 81' lang='lat'>(143)-</span> 
     </span>
    </p>

    <p class='ocr_par' dir='ltr' id='par_1_8' title="bbox 215 4298 1578 4813">
     <span class='ocr_line' id='line_1_29' title="bbox 285 4298 1476 4359; baseline -0.002 -11"><span class='ocrx_word' id='word_1_212' title='bbox 285 4306 394 4348; x_wconf 85' lang='grc'><strong>145.</strong></span> <span class='ocrx_word' id='word_1_213' title='bbox 422 4302 680 4349; x_wconf 76' lang='lat' dir='ltr'>Newtonus</span> <span class='ocrx_word' id='word_1_214' title='bbox 701 4301 751 4347; x_wconf 90' lang='lat' dir='ltr'>in</span> <span class='ocrx_word' id='word_1_215' title='bbox 773 4299 1063 4348; x_wconf 63' lang='lat' dir='ltr'>arithmetica</span> <span class='ocrx_word' id='word_1_216' title='bbox 1079 4298 1336 4354; x_wconf 84' lang='lat' dir='ltr'>universali,</span> <span class='ocrx_word' id='word_1_217' title='bbox 1359 4313 1476 4359; x_wconf 80' lang='lat' dir='ltr'>prae-</span> 
     </span>
     <span class='ocr_line' id='line_1_30' title="bbox 219 4362 1478 4426; baseline -0.002 -15"><span class='ocrx_word' id='word_1_218' title='bbox 219 4364 427 4412; x_wconf 82' lang='lat' dir='ltr'>cedentis</span> <span class='ocrx_word' id='word_1_219' title='bbox 463 4366 706 4413; x_wconf 73' lang='lat' dir='ltr'>Corollarii</span> <span class='ocrx_word' id='word_1_220' title='bbox 739 4366 1129 4413; x_wconf 85' lang='lat' dir='ltr'>constructionem</span> <span class='ocrx_word' id='word_1_221' title='bbox 1164 4380 1270 4426; x_wconf 87' lang='lat' dir='ltr'>quae</span> <span class='ocrx_word' id='word_1_222' title='bbox 1300 4362 1354 4409; x_wconf 82' lang='lat' dir='ltr'>fit</span> <span class='ocrx_word' id='word_1_223' title='bbox 1396 4378 1478 4422; x_wconf 84' lang='lat' dir='ltr'>per</span> 
     </span>
     <span class='ocr_line' id='line_1_31' title="bbox 219 4428 1476 4488; baseline 0.001 -14"><span class='ocrx_word' id='word_1_224' title='bbox 219 4429 524 4476; x_wconf 85' lang='lat' dir='ltr'>conchoidem</span> <span class='ocrx_word' id='word_1_225' title='bbox 557 4445 687 4477; x_wconf 88' lang='lat' dir='ltr'>more</span> <span class='ocrx_word' id='word_1_226' title='bbox 719 4440 943 4485; x_wconf 84' lang='lat' dir='ltr'>veterum,</span> <span class='ocrx_word' id='word_1_227' title='bbox 977 4428 1346 4488; x_wconf 80' lang='lat' dir='ltr'>anteponendam</span> <span class='ocrx_word' id='word_1_228' title='bbox 1379 4441 1476 4475; x_wconf 77' lang='lat' dir='ltr'>essa</span> 
     </span>
     <span class='ocr_line' id='line_1_32' title="bbox 218 4490 1470 4556; baseline 0 -18"><span class='ocrx_word' id='word_1_229' title='bbox 218 4491 284 4538; x_wconf 84' lang='lat' dir='ltr'>ait</span> <span class='ocrx_word' id='word_1_230' title='bbox 317 4494 649 4541; x_wconf 84' lang='lat' dir='ltr'>constructioni</span> <span class='ocrx_word' id='word_1_231' title='bbox 680 4510 786 4556; x_wconf 86' lang='lat' dir='ltr'>quae</span> <span class='ocrx_word' id='word_1_232' title='bbox 818 4494 1043 4540; x_wconf 80' lang='lat' dir='ltr'>sectiones</span> <span class='ocrx_word' id='word_1_233' title='bbox 1063 4493 1246 4539; x_wconf 85' lang='lat' dir='ltr'>conicas</span> <span class='ocrx_word' id='word_1_234' title='bbox 1270 4490 1470 4538; x_wconf 79' lang='lat' dir='ltr'>adhibet.</span> 
     </span>
     <span class='ocr_line' id='line_1_33' title="bbox 224 4555 1474 4615; baseline -0.001 -13"><span class='ocrx_word' id='word_1_235' title='bbox 224 4555 386 4610; x_wconf 68' lang='lat' dir='ltr'>Quare</span> <span class='ocrx_word' id='word_1_236' title='bbox 411 4567 617 4604; x_wconf 85' lang='lat' dir='ltr'>veterum</span> <span class='ocrx_word' id='word_1_237' title='bbox 637 4559 1030 4606; x_wconf 87' lang='lat' dir='ltr'>constructionem</span> <span class='ocrx_word' id='word_1_238' title='bbox 1046 4555 1206 4615; x_wconf 73' lang='lat' dir='ltr'>utpote</span> <span class='ocrx_word' id='word_1_239' title='bbox 1226 4555 1474 4614; x_wconf 78' lang='lat' dir='ltr'>simplicio·</span> 
     </span>
     <span class='ocr_line' id='line_1_34' title="bbox 217 4618 1578 4685; baseline -0.002 -20"><span class='ocrx_word' id='word_1_240' title='bbox 217 4633 316 4666; x_wconf 88' lang='lat' dir='ltr'>rem</span> <span class='ocrx_word' id='word_1_241' title='bbox 349 4621 427 4667; x_wconf 90' lang='lat' dir='ltr'>hic</span> <span class='ocrx_word' id='word_1_242' title='bbox 458 4637 644 4685; x_wconf 85' lang='lat' dir='ltr'>quoque</span> <span class='ocrx_word' id='word_1_243' title='bbox 674 4623 1027 4684; x_wconf 83' lang='lat' dir='ltr'>subjungemus.</span> <span class='ocrx_word' id='word_1_244' title='bbox 1101 4621 1177 4666; x_wconf 88' lang='lat' dir='ltr'>Sic</span> <span class='ocrx_word' id='word_1_245' title='bbox 1209 4631 1365 4665; x_wconf 88' lang='lat' dir='ltr'>autem</span> <span class='ocrx_word' id='word_1_246' title='bbox 1391 4618 1474 4664; x_wconf 84' lang='lat' dir='ltr'>de.</span> <span class='ocrx_word' id='word_1_247' title='bbox 1574 4632 1578 4635; x_wconf 90' lang='lat'>·</span> 
     </span>
     <span class='ocr_line' id='line_1_35' title="bbox 215 4683 1473 4748; baseline 0.002 -19"><span class='ocrx_word' id='word_1_248' title='bbox 215 4684 432 4732; x_wconf 82' lang='lat' dir='ltr'>scribitur</span> <span class='ocrx_word' id='word_1_249' title='bbox 459 4685 690 4733; x_wconf 80' lang='lat' dir='ltr'>conchOiS.</span> <span class='ocrx_word' id='word_1_250' title='bbox 763 4689 950 4748; x_wconf 83' lang='lat' dir='ltr'>Agatur</span> <span class='ocrx_word' id='word_1_251' title='bbox 981 4683 1148 4744; x_wconf 76' lang='lat' dir='ltr'>nempe</span> <span class='ocrx_word' id='word_1_252' title='bbox 1181 4694 1304 4730; x_wconf 82' lang='lat' dir='ltr'>recta</span> <span class='ocrx_word' id='word_1_253' title='bbox 1339 4684 1387 4738; x_wconf 82' lang='lat' dir='ltr'>Q</span> <span class='ocrx_word' id='word_1_254' title='bbox 1412 4685 1473 4743; x_wconf 88' lang='lat' dir='ltr'>B,</span> 
     </span>
     <span class='ocr_line' id='line_1_36' title="bbox 215 4746 1474 4813; baseline 0.001 -20"><span class='ocrx_word' id='word_1_255' title='bbox 215 4747 276 4794; x_wconf 84' lang='lat' dir='ltr'>ad</span> <span class='ocrx_word' id='word_1_256' title='bbox 317 4765 461 4810; x_wconf 81' lang='lat' dir='ltr'>quam</span> <span class='ocrx_word' id='word_1_257' title='bbox 499 4749 706 4813; x_wconf 84' lang='lat' dir='ltr'>erigatur</span> <span class='ocrx_word' id='word_1_258' title='bbox 737 4750 959 4797; x_wconf 81' lang='lat' dir='ltr'>normalis</span> <span class='ocrx_word' id='word_1_259' title='bbox 1001 4751 1047 4796; x_wconf 83' lang='lat' dir='ltr'>A</span> <span class='ocrx_word' id='word_1_260' title='bbox 1096 4748 1166 4803; x_wconf 88' lang='lat' dir='ltr'>H,</span> <span class='ocrx_word' id='word_1_261' title='bbox 1203 4746 1372 4794; x_wconf 76' lang='lat' dir='ltr'>deinde</span> <span class='ocrx_word' id='word_1_262' title='bbox 1415 4763 1474 4794; x_wconf 84' lang='lat' dir='ltr'>ex</span> 
     </span>
    </p>

    <p class='ocr_par' dir='ltr' id='par_1_9' title="bbox 128 4811 1476 4877">
     <span class='ocr_line' id='line_1_37' title="bbox 128 4811 1476 4877; baseline 0.001 -19"><span class='ocrx_word' id='word_1_263' title='bbox 128 4846 159 4876; x_wconf 55' lang='lat'>0</span> <span class='ocrx_word' id='word_1_264' title='bbox 213 4822 392 4872; x_wconf 83' lang='lat' dir='ltr'>puncto</span> <span class='ocrx_word' id='word_1_265' title='bbox 439 4814 497 4874; x_wconf 85' lang='lat' dir='ltr'>C,</span> <span class='ocrx_word' id='word_1_266' title='bbox 541 4824 766 4877; x_wconf 69' lang='lat' dir='ltr'>tanquam</span> <span class='ocrx_word' id='word_1_267' title='bbox 808 4816 918 4876; x_wconf 83' lang='lat' dir='ltr'>polo</span> <span class='ocrx_word' id='word_1_268' title='bbox 959 4811 1025 4861; x_wconf 66' lang='lat' dir='ltr'>ita</span> <span class='ocrx_word' id='word_1_269' title='bbox 1067 4811 1297 4859; x_wconf 81' lang='lat' dir='ltr'>ducantur</span> <span class='ocrx_word' id='word_1_270' title='bbox 1339 4821 1476 4859; x_wconf 75' lang='lat' dir='ltr'>rectoe</span> 
     </span>
    </p>
   </div>
   <div class='ocr_carea' id='block_1_8' title="bbox 1389 2371 2771 3640">
    <p class='ocr_par' dir='ltr' id='par_1_10' title="bbox 1389 2371 2771 3640">
     <span class='ocr_line' id='line_1_38' title="bbox 1389 2371 2771 3640; baseline 0 0"><span class='ocrx_word' id='word_1_271' title='bbox 1389 2371 2771 3640; x_wconf 95' lang='lat' dir='ltr'> </span> 
     </span>
    </p>
   </div>
   <div class='ocr_carea' id='block_1_9' title="bbox 1521 3736 2806 4849">
    <p class='ocr_par' dir='ltr' id='par_1_11' title="bbox 1521 3736 2806 4849">
     <span class='ocr_line' id='line_1_39' title="bbox 1521 3736 2806 4849; baseline 0 0"><span class='ocrx_word' id='word_1_272' title='bbox 1521 3736 2806 4849; x_wconf 95' lang='lat' dir='ltr'> </span> 
     </span>
    </p>
   </div>
  </div>
 </body>
</html>
