3392 5675
252 468 294 525 64
535 438 878 517 PHILOSOPHIAE
900 434 1174 505 NATURALIS
1218 430 1291 511 [Dii
1307 429 1430 494 Μυκη.
1447 428 1543 493 Sina.

254 624 422 691 dimodo
436 620 555 687 tollitur
568 640 626 701 per
640 612 884 699 inaequalitatem
894 616 1087 671 menstruam
1100 612 1204 665 motus
1214 598 1371 665 nodorum
1386 601 1436 681 (ut
1449 616 1553 679 supra·

255 732 404 811 diximus)
420 730 552 812 ideoque
566 724 599 787 in
614 720 734 786 calculo
748 714 921 783 latitudinis
935 711 1018 775 illius
1032 707 1151 795 negligi
1164 718 1277 791 potest.

786 952 826 1035 (ε)
849 950 1007 1015 oniam.

258 1148 313 1195 ergo
321 1133 391 1180 Luna
401 1148 415 1179 a
427 1128 489 1176 nodo
497 1128 521 1177 N
530 1125 680 1187 adpuncmm
693 1118 782 1171 F9o¹¹.
797 1121 885 1167 anodo
917 1126 952 1166 est
966 1114 1036 1162 illuni
1047 1128 1095 1161 non
1111 1108 1227 1173 apmuisse
1237 1104 1286 1156 rias
1295 1106 1381 1171 quibus
1391 1118 1449 1154 iistis
1463 1116 1499 1152 est
1513 1102 1545 1151 ad

257 1194 370 1249 dissitum,
392 1202 468 1241 motus
485 1192 576 1237 medius
594 1188 651 1239 nodi
671 1196 706 1235 est
722 1186 796 1247 major
817 1194 884 1231 motu
916 1197 955 1228 ees
976 1176 1164 1225 concinnandas:
1192 1174 1310 1221 defectum
1331 1173 1395 1217 liiiiic
1416 1179 1546 1229 utcumque

257 1274 318 1313 vero,
339 1269 388 1306 icto
399 1274 428 1304 eo
438 1255 567 1310 intervallo,
587 1261 614 1300 ut
632 1250 740 1311 superins
756 1249 797 1312 (sd
811 1248 883 1307 Prop.
916 1258 1022 1304 reparare
1037 1256 1120 1287 suiuus
1131 1239 1217 1295 consu,
1234 1246 1258 1283 et
1273 1234 1396 1282 methodos
1410 1233 1546 1293 eperiiimus

260 1322 393 1377 XXXII.)
401 1329 519 1367 ostensum
528 1328 569 1373 est,
581 1330 637 1379 eigo
645 1312 763 1374 assumpti
772 1310 885 1358 mediocri
932 1309 1001 1353 uibus
1016 1320 1045 1352 er
1061 1303 1181 1366 gravitatis
1190 1298 1280 1348 theoriis
1291 1314 1331 1345 eas
1346 1298 1487 1361 aquationes
1502 1295 1545 1341 de-

258 1384 391 1435 distantiiia
402 1384 465 1431 nodo
474 1397 527 1444 qua
537 1378 592 1428 reri
602 1378 675 1441 major
686 1386 727 1431 est,
739 1386 764 1423 et
773 1374 886 1422 mediocri
915 1322 1228 1429 incentoromnium
1246 1363 1297 1410 lieri
1314 1363 1391 1421 potuit
1407 1360 1488 1405 iisdem
1508 1358 1545 1405 usi

257 1450 409 1499 inclinatione
424 1462 478 1510 qua
499 1443 608 1491 convenit
625 1440 662 1489 illi
679 1439 762 1499 mensi,
783 1436 885 1486 latitudo
916 1450 999 1481 sumus
1007 1430 1123 1478 methodis
1132 1444 1190 1492 quas
1203 1430 1320 1475 Newtonc
1331 1423 1457 1471 familiares
1472 1420 1545 1468 fuisse

916 1506 1013 1551 conant,
1025 1506 1049 1542 et
1059 1494 1089 1541 ad
1100 1495 1151 1556 ejus
1161 1493 1289 1539 nicoeno
1299 1489 1404 1549 proxime
1415 1501 1458 1532 nos
1467 1500 1546 1533 acces·

916 1563 973 1608 sisse
988 1560 1116 1620 percipient
1131 1557 1172 1603 viri
1189 1556 1252 1603 docti
1267 1552 1325 1600 cirin
1335 1551 1415 1613 paucis
1430 1550 1546 1609 duisthst

917 1623 1026 1671 oecundis
1047 1624 1077 1669 iili
1097 1620 1171 1681 ipsius
1192 1617 1296 1667 numeris
1316 1614 1421 1661 discedat
1441 1611 1546 1659 calculus

917 1698 1002 1744 noster,
1019 1696 1043 1733 et
1058 1686 1109 1748 ejus
1123 1681 1294 1745 consequentia
1303 1678 1380 1740 plana
1395 1678 1443 1723 sint
1458 1675 1546 1721 similes

916 1752 946 1799 iis
960 1766 1019 1814 quas
1034 1764 1063 1797 ex
1078 1748 1127 1795 suis
1139 1746 1262 1806 Principiis
1274 1744 1405 1791 Nesstonus
1420 1738 1544 1796 dairaviu

917 1824 998 1863 utrum
1008 1813 1061 1861 aliis
1068 1811 1184 1859 methodis
1194 1825 1231 1857 res
1241 1808 1332 1855 felicius
1341 1804 1427 1853 absolvi
1435 1803 1545 1863 potamii,

918 1877 1019 1927 viderint
1028 1875 1157 1931 doctiotcs;
1168 1888 1288 1935 speramm
1295 1882 1374 1918 tamen
1384 1869 1427 1914 lios
1435 1865 1546 1924 calculos,

918 1951 947 1990 iit
964 1938 1073 2004 legitimis
1089 1937 1208 2000 principiis
1225 1938 1300 1991 nixae,
1321 1932 1446 1979 lecton'biss
1463 1931 1548 1976 nostris

917 2004 1064 2069 miore,
1082 2013 1108 2049 et
1124 2000 1183 2047 {orte
1200 2000 1336 2061 conjurare
1353 2005 1379 2043 ut
1395 1993 1549 2055 meliusqoid

919 2068 1066 2131 excogitenti
1085 2074 1195 2113 ceterum
1211 2064 1256 2109 lioc
1274 2059 1388 2108 scholium
1403 2058 1429 2104 iii
1444 2058 1548 2119 quinque

918 2132 1075 2194 paragraphos
1085 2126 1207 2176 commode
1217 2124 1324 2173 distribui
1333 2132 1425 2183 potest3
1435 2122 1461 2168 iri
1472 2123 1548 2181 primo

921 2196 1052 2243 Newtonus
1061 2189 1149 2239 iudicat
1159 2190 1277 2237 calculum
1287 2188 1338 2250 ejas
1348 2184 1485 2247 aquationis
1496 2184 1547 2231 Lu-

919 2274 964 2315 nae,
984 2273 1037 2320 qua
1053 2255 1153 2317 aquatio
1170 2254 1252 2301 soleris
1267 2252 1343 2322 prime
1353 2250 1451 2296 dicitur:
1469 2249 1495 2295 iii
1510 2264 1547 2295 se·

919 2321 1006 2378 cundo,
1017 2320 1088 2368 tradit
1097 2318 1240 2381 aquationes
1255 2316 1341 2363 solares
1346 2310 1549 2360 motilsnodcruin

304 2452 311 2465 ι
354 2451 361 2464 ,
920 2397 944 2434 et
965 2384 1055 2447 epopi
1077 2384 1169 2438 Lunai
1189 2381 1215 2427 in
1236 2380 1305 2427 tertio
1325 2378 1390 2424 illam
1412 2376 1549 2439 aquationis

264 2466 338 2515 insJor
353 2451 485 2499 invenietur
494 2448 573 2514 qulm'
582 2448 712 2509 debuissem
728 2444 892 2511 sedquoniam
919 2450 1000 2497 solaris
1011 2449 1177 2496 correcdonem
1188 2444 1258 2493 tradit
1273 2458 1327 2507 qua
1337 2444 1367 2489 ab
1377 2439 1549 2487 ercenuiciiaie

264 2515 290 2563 iii
307 2531 361 2562 casu
374 2514 533 2577 istiusligursa
548 2513 663 2561 minuitur
681 2514 783 2577 angulus
792 2512 891 2559 inclina·
920 2514 1002 2561 orbita
1019 2511 1108 2559 lucaris
1126 2509 1228 2570 penum
1245 2507 1269 2553 in
1289 2517 1372 2569 quarto
1386 2505 1456 2551 aliam
1472 2504 1549 2550 adhuc

265 2580 335 2627 tionis
347 2581 403 2625 duni
416 2578 487 2625 Luna
497 2580 643 2625 movetur'cb
661 2578 686 2625 N
702 2578 726 2623 in
740 2578 768 2634 F,
785 2586 808 2623 et
819 2576 839 2621 is
849 2590 891 2621 an·
921 2577 1086 2625 correctionem
1094 2573 1231 2636 aquationis
1237 2572 1317 2619 solaris
1324 2568 1396 2618 addit.
1404 2582 1457 2629 qua
1464 2582 1549 2627 nempe

266 2644 337 2723 gqilus
345 2644 374 2688 ad
383 2642 521 2689 mediocrem
529 2640 716 2688 imminutionem
724 2650 780 2687 tunc
789 2638 893 2700 pervenit
920 2642 995 2689 oritur
1011 2654 1038 2686 er
1055 2638 1206 2685 inclinatione
1216 2636 1297 2683 orbita
1307 2633 1395 2680 lunaris
1410 2632 1440 2677 ad
1451 2630 1549 2693 pierium

266 2718 321 2753 cum
334 2706 404 2753 Luna
415 2716 449 2753 est
460 2706 483 2751 in
498 2704 518 2752 F
529 2705 625 2761 circiter,
637 2705 692 2767 quie
702 2720 755 2751 area
768 2706 791 2750 N
804 2704 846 2749 Fli
858 2712 894 2749 est
918 2704 1046 2765 eclipticic;
1063 2702 1088 2749 in
1099 2702 1181 2763 quinto
1191 2699 1292 2761 denique
1301 2699 1350 2760 agit
1365 2696 1396 2743 de
1412 2694 1549 2755 aquationi-

265 2769 316 2817 seid
326 2770 484 2816 semi-circulo
495 2768 596 2831 aqualis,
613 2769 668 2815 hinc
679 2768 798 2815 inclinatio
814 2766 894 2813 orbita
921 2771 966 2817 bus
974 2766 1051 2814 motiis
1061 2766 1137 2813 Luna
1146 2774 1170 2812 et
1180 2764 1255 2827 ejuss
1323 2762 1337 2818 i,
1345 2774 1398 2823 qua
1408 2758 1550 2819 pendentes

267 2832 381 2907 angulum
393 2834 504 2896 majorem
521 2832 591 2879 efficit
602 2829 672 2894 quiin
688 2834 708 2879 is
723 2833 763 2894 qui
776 2847 816 2892 per
826 2829 894 2877 iiieli·
922 2833 968 2880 situ
979 2830 1069 2894 apogci
1082 2830 1158 2878 Luna
1169 2837 1274 2888 respectu
1318 2824 1353 2872 lis.

261 2907 387 2946 ,nationem
403 2896 542 2942 mediocrem
559 2895 703 2956 supponitur,
722 2895 785 2942 unde
796 2894 895 2941 latitudo
958 2897 992 2944 Ut
1002 2905 1080 2942 autern
1091 2895 1142 2940 liceo
1157 2893 1236 2939 omnia
1252 2901 1276 2937 et
1291 2889 1437 2950 potissimum
1452 2901 1481 2934 ea
1495 2901 1549 2948 qua

268 2975 323 3005 reia
338 2961 414 3033 major
424 2958 499 3005 evadit
509 2957 581 3019 quim
597 2973 624 3004 ea
639 2973 692 3020 quae
703 2971 796 3019 propter
806 2958 895 3004 inedio-
924 2959 1078 3023 aquationem
1100 2957 1198 3003 solarem
1221 2954 1299 3001 Luna
1318 2961 1430 3012 spectant,
1451 2961 1476 2997 et
1495 2965 1550 3012 qua

270 3036 332 3069 crem
343 3022 517 3068 inclinationem
529 3021 608 3067 orbita
619 3021 747 3068 obtinetur:
761 3023 816 3067 hinc
827 3036 855 3067 er
866 3035 895 3068 co
924 3025 1006 3085 primo,
1024 3021 1092 3069 tertio
1107 3029 1131 3066 ct
1146 3028 1229 3082 quarto
1245 3017 1388 3078 paragrapho
1402 3032 1417 3062 e
1435 3016 1551 3061 Newtono

270 3086 333 3162 qiicd
345 3084 400 3162 nqdi
411 3083 489 3132 motils
495 3083 617 3130 inediocris
628 3084 679 3132 loco
685 3085 762 3130 motiis
774 3085 819 3131 reri
831 3099 896 3130 assu-
924 3087 1064 3141 indicamur,
1075 3082 1161 3130 metim
1171 3080 1337 3143 inteliiqantur¹
1349 3089 1425 3126 totuin
1437 3093 1491 3124 eum
1501 3077 1549 3124 cal-

270 3161 356 3225 miturq
368 3150 487 3224 inqenitur
502 3147 600 3195 latitudo
615 3151 689 3212 msj0r
700 3163 758 3202 iera.
777 3151 816 3194 sed
828 3161 857 3194 eii
868 3162 897 3195 eo
925 3152 1006 3199 culum
1021 3148 1097 3212 qualis
1114 3163 1143 3194 er
1161 3144 1250 3193 mcorit
1260 3144 1377 3206 gravitatis
1395 3140 1551 3189 instituendus

270 3215 333 3276 quod
349 3212 469 3260 inclinatio
484 3212 606 3259 mediocria
619 3211 744 3258 assumitur
760 3213 812 3258 loco
828 3227 896 3268 vera,
925 3214 992 3262 nobie
1002 3213 1130 3269 videbatur,
1146 3225 1195 3258 uno
1210 3219 1289 3257 tenore
1305 3206 1444 3254 podendum
1459 3204 1550 3255 anmi.

271 3277 389 3323 invenitur
410 3274 510 3323 latitudo
533 3276 609 3322 minor
629 3275 703 3333 reri3
731 3276 898 3337 inaequalitates
926 3294 986 3326 mus.

271 3341 350 3401 itaque
365 3351 498 3396 menstrua,
520 3355 578 3402 quas
593 3339 688 3387 variatio
704 3341 860 3386 inclinationis
875 3349 899 3386 et

272 3412 352 3476 motiis
362 3403 477 3449 nodorum
488 3401 622 3460 admittunt,
635 3419 684 3450 sese
693 3415 777 3450 mutuo
789 3417 898 3464 compen·
927 3409 966 3455 De
977 3409 1114 3455 incremento
1124 3401 1198 3452 motds
1208 3405 1276 3452 medii
1288 3403 1373 3456 lanc,
1384 3409 1407 3447 ct
1416 3399 1466 3460 05⁶¹ss
1473 3415 1550 3460 σφω·

273 3475 326 3514 sant
334 3481 358 3511 iii
367 3465 597 3540 calculolatitudinis
624 3467 899 3515 Cretericasiiseanidem
960 3473 1021 3518 riom
1031 3467 1121 3524 annot,
1136 3465 1488 3526 aentcacttmpmidentituc
1502 3464 1552 3522 pri·

274 3538 487 3604 compensationem
497 3529 652 3588 suppeditant,
670 3547 691 3576 v.
705 3545 739 3594 gr.
759 3530 816 3577 durii
829 3531 908 3578 Luna.
961 3536 1060 3581 munito
1069 3533 1264 3595 typotlcdmdesn
1272 3533 1402 3578 Leucerae
1410 3529 1552 3582 circidoreri,

274 3607 304 3641 er
318 3593 337 3640 F
348 3607 372 3638 iii
384 3607 400 3654 q
410 3601 523 3666 moretur,
540 3600 618 3638 motus
629 3607 696 3639 ierus
706 3594 762 3640 nodi
779 3603 813 3640 est
823 3595 901 3640 minor
957 3607 1035 3660 postca
1046 3600 1072 3645 isi
1080 3598 1194 3658 hypothesi
1201 3598 1273 3642 ardens
1281 3597 1360 3641 Lana
1367 3594 1551 3652 mellificant.

274 3667 413 3712 succurere,
425 3656 558 3702 liincLunc
569 3654 803 3704 estreveriremotior
814 3658 902 3705 s‘nodo
961 3663 1071 3724 Dectqqc
1086 3662 1112 3708 in
1128 3662 1178 3707 orbe
1199 3660 1278 3706 lunari
1299 3660 1330 3704 ad
1345 3657 1472 3716 eclipticam
1486 3655 1553 3701 tecti·-

275 3720 347 3784 quam
357 3719 466 3767 statuitur
473 3729 610 3779 permotum
619 3720 724 3766 medium
730 3720 793 3777 nodi,
802 3721 902 3784 ideoque
962 3733 1023 3772 coto

275 3783 376 3832 latitudo
386 3784 460 3846 major
470 3783 610 3844 supponitur
620 3781 690 3846 quiin
701 3794 736 3831 est
753 3785 818 3846 (quia
828 3786 854 3830 in
865 3801 902 3832 se-
1195 3794 1198 3802 '

276 3849 356 3896 cundo
366 3847 494 3910 quadrante
509 3861 524 3893 a
539 3847 602 3894 nodo
612 3845 660 3910 qud
671 3849 764 3908 propior
780 3857 814 3893 est
832 3847 902 3896 launa
1155 3849 1293 3900 THEOR.
1312 3849 1333 3897 1.

239 3943 244 3956 .
276 3928 292 3960 a
308 3911 371 3960 nodo
391 3910 527 3988 ascendente
547 3911 579 3968 N,
601 3909 702 3974 ideoque
719 3927 747 3959 eo
764 3911 873 3958 remotior
889 3930 904 3960 a

277 3975 431 4052 descendente
450 3989 473 4028 ns
492 3990 520 4021 ἕο
537 3975 589 4036 ejus
599 3975 698 4051 latitpdo
716 3985 751 4023 est
766 3976 850 4038 major)
863 3977 903 4024 sed
967 3980 1059 4040 Corpus
1072 3979 1093 4026 i>
1103 3979 1234 4026 revolvatur
1240 3978 1266 4024 in
1274 3976 1362 4024 circulo
1371 3979 1393 4023 A
1404 3976 1459 4024 nii
1469 3975 1557 4023 Ccirca

278 4037 339 4114 cilin'
352 4043 426 4087 ci'oita
438 4038 514 4085 Luna
525 4039 631 4086 habuerit
648 4055 672 4086 iii
692 4039 712 4088 F
729 4039 904 4088 inclinationem
933 4057 1017 4104 corpus
1029 4045 1051 4091 T
1062 4059 1077 4090 c
1086 4059 1133 4106 quo
1144 4043 1269 4090 retineatur
1277 4056 1319 4100 per
1329 4041 1377 4086 siin
1386 4040 1557 4087 decrescentem

277 4103 426 4159 mediocrem,
447 4111 547 4165 nugetur
564 4101 584 4147 is
602 4103 703 4165 angulus
722 4103 779 4150 duni
798 4114 905 4152 movetur
934 4106 1062 4154 secundum
1069 4107 1181 4169 quadrata
1188 4104 1363 4161 distantiarum
1375 4103 1468 4150 secedat
1478 4112 1557 4149 autern

280 4165 391 4239 Lunaab
404 4166 497 4242 Fedq.
514 4161 904 4228 idedqueessumendoeamincli-
935 4171 970 4217 vis
990 4170 1097 4234 quoidam
1118 4179 1226 4218 constans
1246 4183 1299 4230 quai
1319 4169 1421 4215 mahat
1446 4177 1558 4227 perpetuo

253 4260 258 4270 .
278 4238 397 4306 nationem
414 4230 562 4287 mediocrem,
582 4231 659 4276 minor
673 4230 791 4306 obtinetur
806 4231 906 4278 latitudo
936 4249 1020 4296 corpus
1031 4236 1050 4281 i>
1061 4248 1177 4294 ecorpcre
1184 4231 1280 4279 centrali
1289 4230 1430 4294 T,sedqua
1436 4231 1560 4291 sitcxigiia

279 4293 906 4419 mititidiissztditsttdtlttt
936 4293 1562 4409 {ittit‘it‘ffltitittlffitti‘i

278 4418 382 4492 hebetus,
400 4429 434 4492 est
449 4421 522 4480 major
533 4419 593 4472 verti.
611 4420 711 4468 latitudo
721 4437 773 4483 quas
789 4424 907 4480 obtinetur
935 4439 1007 4488 qoam
1016 4435 1131 4471 exerceret
1141 4418 1562 4485 carpusTineridistaatiiiffletracti

279 4497 307 4527 ei
319 4481 468 4528 inclinatione
477 4484 586 4530 mediocri
597 4495 632 4532 est
643 4487 719 4531 minor
727 4484 787 4541 veri,
797 4501 907 4546 compen·
937 4487 967 4534 eii
977 4490 998 4534 ri
1010 4488 1129 4548 extranei)
1140 4488 1170 4534 sit
1180 4488 1209 4534 ad
1220 4488 1267 4534 rim
1276 4487 1323 4550 quii
1331 4502 1415 4546 corpus
1427 4487 1447 4533 i>
1458 4485 1561 4532 resolve-

278 4555 359 4592 untur
370 4561 425 4598 “210
436 4561 529 4622 θζῐθῖθθι
541 4547 582 4594 ⁸⁴⁰·
937 4555 1005 4599 batur
1015 4554 1039 4597 iii
1051 4553 1138 4598 circulo
1151 4553 1174 4598 A
1189 4553 1214 4599 D
1223 4553 1274 4599 Bc
1285 4549 1374 4597 inverse
1385 4561 1412 4597 ut
1421 4550 1474 4598 cubi
1486 4549 1562 4595 radio·

312 4608 347 4684 (¹)
360 4612 373 4638 *
387 4612 509 4683 Sotiatium.
541 4610 633 4658 Schoiio
643 4615 687 4660 lioc
698 4614 769 4661 tradit
779 4613 908 4662 Newtoniis
938 4631 992 4662 rum
1009 4615 1032 4662 T
1047 4631 1071 4675 p,
1089 4616 1111 4662 i
1129 4616 1165 4674 1²3
1182 4614 1243 4673 dico,
1260 4618 1322 4676 quod
1333 4623 1425 4675 propter
1435 4613 1500 4660 iilam
1515 4614 1564 4658 vim

278 4671 908 4798 iiiflitiitititiiniiiiiii
940 4676 1567 4798 nomm

1022 4776 1064 4842 .’
1108 4855 1111 4860 ,
1481 4753 1540 4859 {⁸¹¹⁸
