3392 5675
133 514 246 582 Linea
262 516 439 593 Tramas]
470 510 709 579 PRINCIPIA
732 510 1100 578 MATHEMATICA.
1354 520 1409 575 111

138 683 577 769 10171111101110105
590 684 854 763 8101110117
874 698 899 750 x
919 683 1098 751 01170117
1112 682 1418 751 1-019101518

13 798 15 881 l
136 794 307 859 ut9ad5.
353 790 717 857 Etsadtutrad
738 796 866 853 11815.
911 788 1019 873 ltaque
1044 787 1117 853 crini
1138 788 1183 851 vis
1211 789 1291 853 Solis
1311 790 1352 853 sit
1374 788 1417 851 ad

13 980 14 985 γ
134 905 198 967 vim
212 902 370 991 gravitatis
385 915 419 967 ut
436 910 450 965 l
469 902 510 967 ad
526 908 705 979 12868200,
721 898 767 965 vis
783 897 959 984 Luuoecrit
973 897 1014 961 ad
1027 899 1090 961 vim
1102 896 1262 983 gravitatis
1276 911 1311 962 ut
1334 906 1348 963 1
1374 897 1417 961 ad

135 1020 156 1077 2
203 1020 241 1075 14
264 1020 295 1074 0.
1304 1064 1307 1069 -
1414 1040 1418 1049 ’

13 1108 15 1133 ³
111 1160 117 1165 -
158 1018 331 1185 81311111·
369 1118 451 1184 Ciam
473 1130 554 1205 equa
579 1121 610 1183 vi
637 1120 717 1185 Solis
740 1120 857 1206 agitata
876 1115 1024 1182 ascendat
1047 1116 1087 1179 ad
1112 1114 1306 1179 altitudinem
1325 1114 1416 1199 pedis

13 1236 15 1281 1
115 1220 226 1288 'unius
250 1235 281 1288 et
306 1224 449 1289 undecim
465 1224 634 1311 digitorum
648 1246 720 1289 cum
734 1222 888 1289 tricesimi
901 1234 991 1307 parte
1004 1220 1104 1309 digiti,
1130 1219 1239 1304 eidem
1261 1220 1295 1312 ri¹
1315 1220 1417 1287 Lunae

134 1329 281 1393 ascendet
301 1329 341 1393 ad
362 1328 556 1393 altitudinem
570 1342 641 1393 octo
654 1330 772 1414 pedum
794 1341 827 1393 et
850 1328 1020 1415 digitorum
1041 1327 1092 1413 ἦ,
1119 1337 1151 1390 et
1170 1326 1202 1390 ‘ri
1224 1326 1354 1411 turrique
1377 1326 1418 1391 ad

134 1433 328 1499 altitudinem
343 1433 468 1521 pedum!
480 1434 587 1501 decem
609 1458 681 1499 cum
696 1434 831 1511 semisse,
859 1446 891 1499 11
911 1433 966 1497 ubi
988 1432 1082 1503 Luna
1094 1442 1142 1514 cst
1156 1431 1189 1494 in
1202 1432 1352 1518 pangaea,
1376 1434 1418 1507 ad

133 1538 327 1606 altitudinem
342 1540 458 1625 pedum
476 1540 640 1605 duodecim
661 1562 733 1613 cum
754 1541 879 1603 semisse
901 1538 1043 1623 1111111,
1065 1538 1239 1621 praesertim
1254 1536 1309 1601 ubi
1323 1546 1418 1610 aeslut

133 1646 233 1710 ventis
255 1646 443 1729 spirantibus
457 1646 629 1730 adjuvatur.
674 1646 778 1711 Tanta
802 1657 907 1709 autem
931 1645 978 1708 vis
1002 1644 1043 1707 ad
1068 1666 1175 1709 omnes
1200 1642 1295 1707 maris
1314 1655 1419 1710 mutus

132 1750 313 1815 excitandos
328 1748 451 1815 abunde
466 1750 586 1829 sufficit,
610 1763 641 1815 et
662 1750 825 1836 quantitati
839 1762 981 1813 motuum
992 1747 1092 1833 probe
1112 1748 1289 1831 respondet.
1334 1749 1419 1815 Nam

132 1858 167 1919 in
180 1858 316 1921 maribus
331 1880 401 1943 quae
416 1859 456 1921 ab
472 1859 589 1923 oriente
604 1860 637 1921 in
651 1860 843 1923 occidentem
858 1858 920 1921 late
934 1869 1051 1943 patent,
1067 1858 1156 1921 uti-in
1169 1856 1255 1936 Mari
1270 1857 1417 1939 Pacifico,

131 1979 164 2033 et
187 1966 287 2031 Maris
303 1968 452 2033 Atlantici
474 1982 505 2033 et
520 1968 693 2053 AEthiopici
707 1968 847 2052 partibus
862 1979 951 2032 extra
965 1966 1110 2051 tropicus,
1129 1987 1209 2051 aqua
1221 1966 1332 2041 attolli,
1342 1966 1420 2041 solet

131 2072 174 2135 ad
199 2072 392 2139 altitudinem
405 2074 521 2157 pedum
549 2096 614 2151 sex,
640 2056 763 2151 novem,
779 2073 947 2139 duodecim
967 2072 1017 2135 vel
1037 2072 1223 2157 quindecim.
1269 2073 1307 2137 In
1333 2072 1418 2136 Mari
1468 2155 1472 2165 „

13 2228 15 2273 t
131 2192 240 2247 autem
253 2181 400 2259 Pacifico,
415 2182 507 2266 'quod
521 2180 705 2265 profundius
727 2195 774 2247 est
795 2193 826 2245 et
846 2181 938 2244 latius
959 2192 1054 2265 patet,
1079 2192 1171 2244 aestus
1185 2180 1331 2247 dicuntur
1353 2203 1419 2244 esse
1480 2190 1483 2194 ’

13 2302 14 2311 ’
132 2291 265 2374 majores
281 2287 374 2373 qurim
389 2290 427 2385 in¹
437 2290 596 2357 Atlantico
610 2303 642 2354 et
656 2290 847 2375 AEthiopice
894 2290 1020 2355 Etenim
1035 2288 1069 2372 (¹)
1083 2302 1120 2355 ut
1133 2290 1244 2373 plenus
1259 2290 1299 2353 sit
1313 2301 1416 2365 aestus,

13 2488 14 2493 γ
130 2394 265 2459 latitudo
279 2394 374 2459 maris
395 2395 435 2459 ab
457 2396 575 2459 oriente
589 2397 621 2457 in
636 2396 828 2461 occidentem
848 2418 913 2461 non
933 2397 1037 2461 minor
1051 2418 1119 2463 esse
1131 2395 1225 2460 debet
1239 2393 1333 2481 qul'm
1346 2414 1419 2481 gru·

131 2502 229 2567 duum
244 2500 424 2588 nonaginta.
456 2500 496 2565 In
511 2501 596 2565 Mari
609 2502 793 2593 AEthiopico
807 2524 950 2567 ascensus
966 2524 1055 2587 aquae
1069 2501 1152 2565 intra
1165 2502 1302 2585 tropicos
1316 2502 1419 2564 minor

13 2614 15 2697 g
130 2618 176 2669 est
200 2606 294 2691 quelm
315 2608 348 2669 in
370 2605 455 2669 zonis
470 2607 659 2689 temperatis,
683 2619 812 2691 propter
827 2608 999 2693 angustiam
1014 2608 1109 2673 maris
1132 2607 1212 2669 inter
1226 2606 1366 2669 Africam
1387 2616 1418 2667 et

13 2704 15 2715 ’
130 2711 297 2778 australem
311 2722 432 2794 partem
452 2704 618 2803 Ameri'cae.
664 2711 703 2776 In
723 2712 922 2777 mediomari
935 2735 1017 2797 aqua
1037 2712 1146 2795 nequit
1159 2710 1336 2785 ascendere,
1358 2708 1417 2773 nisi

130 2819 171 2885 ad
185 2821 271 2886 littus
287 2832 451 2906 utrumque
468 2831 499 2884 et
513 2820 661 2886 orientale
677 2830 708 2884 et
722 2820 913 2892 occidentale
924 2820 1015 2886 simul
1026 2819 1211 2884 descendat:
1227 2816 1299 2881 edm
1313 2830 1417 2880 tamen

13 2995 14 3018 2
130 2931 247 2994 vicibus
277 2932 401 2996 alteruis
427 2930 467 2995 ad
491 2931 596 2996 littora
621 2931 673 2994 illa
699 2931 731 2996 in
760 2931 897 2997 maribus
923 2930 1036 2994 nostris
1065 2927 1203 3013 angustis
1229 2926 1416 2993 descendere

13 3027 14 3046 ³
130 3034 250 3098 debeat.
289 3035 337 3100 Et
352 3036 391 3102 de
406 3036 497 3104 causti
512 3037 615 3100 fluxus
631 3049 662 3100 et
675 3037 812 3102 refluxus
828 3039 862 3101 in
876 3036 993 3112 insulis,
1015 3059 1086 3120 qum
1100 3058 1119 3098 1
1131 3034 1286 3099 littoribus
1300 3033 1417 3117 longis-

131 3141 207 3205 sime
229 3143 350 3219 absunt,
373 3143 561 3230 perexiguus
583 3165 649 3206 esse
670 3142 757 3205 solet
804 3142 843 3204 In
865 3140 1019 3224 portubus
1043 3138 1236 3224 quibusdam,
1262 3137 1316 3199 ubi
1336 3159 1416 3221 aqua

130 3265 203 3308 cum
217 3245 336 3340 impetu
357 3269 472 3333 magno
486 3267 544 3330 per
564 3246 634 3310 loca
649 3245 774 3322 vadosa,
799 3245 840 3308 ad
862 3245 948 3308 sinus
969 3243 1095 3307 alternis
1110 3240 1227 3304 vicibus
1242 3239 1415 3329 implendus

13 3335 30 3442 ¹*
130 3362 160 3413 et
182 3350 387 3428 evacuandos,
410 3351 540 3416 influere
555 3363 586 3415 et
601 3351 725 3416 effluere
739 3352 873 3436 cogitur,
895 3351 999 3414 fluxus
1014 3361 1046 3431 et
1060 3348 1198 3413 refluxus
1212 3345 1328 3410 debent
1349 3369 1416 3412 esse

131 3458 223 3522 solito
237 3461 382 3543 majores
405 3460 450 3524 uti
472 3460 512 3524 ad
536 3460 739 3546 Plymuthum
762 3473 792 3522 et
816 3471 945 3544 pontem
961 3458 1156 3542 Chepstowae
1169 3457 1204 3520 in
1219 3456 1335 3540 Anglia
1343 3479 1353 3531 3
1375 3454 1416 3518 ad

129 3577 252 3636 montes
283 3568 324 3630 S.-
342 3567 508 3632 Michaelis
538 3580 568 3632 et
596 3569 707 3632 urbem
733 3567 998 3632 Abrincatuorum
1025 3565 1133 3651 (vulgo
1163 3562 1357 3641 Avranches)
1383 3563 1415 3626 ia
1449 3637 1454 3648 ⁴

13 3725 15 3752 ,
132 3670 339 3748 Normannia3
354 3673 395 3736 ad
408 3673 589 3738 Cambaiam
604 3684 635 3737 et
650 3673 739 3760 Pegu
753 3673 786 3736 in
803 3671 894 3736 India
905 3671 1068 3736 Orientali.
1099 3669 1164 3734 His
1179 3669 1303 3732 inlocis
1318 3689 1413 3747 mare,
1538 3673 1541 3678 ’

13 3767 15 3868 ξ
129 3780 244 3868 magnai
260 3804 331 3845 cum
344 3783 505 3846 velocitate
527 3782 703 3846 accedendo
717 3794 748 3845 et
761 3780 946 3856 recedendo,
971 3779 1075 3842 littora
1089 3799 1173 3840 nunc
1187 3776 1318 3849 inundat
1332 3796 1414 3837 nunc

13 3953 16 3974 ,
130 3883 220 3949 arida
232 3887 378 3972 relinquit
392 3887 432 3950 ad
446 3887 543 3951 multa
564 3887 716 3958 milliaria.
762 3885 874 3971 Neque
887 3886 1020 3968 impetus
1034 3881 1184 3945 influendi
1205 3894 1237 3946 et
1257 3879 1415 3945 remeandi

13 3975 15 4050 1
127 3992 216 4076 prius
231 3990 332 4078 frangi
346 4003 459 4076 potest,
482 3988 575 4076 quam
589 4014 669 4076 aqua
683 3991 832 4054 attollitur
854 3990 903 4052 vel
916 3987 1100 4071 deprimitur
1113 3986 1154 4049 ad
1168 3985 1263 4070 pedes
1285 3992 1337 4060 80,
1360 3993 1413 4062 40,

13 4121 15 4162 ÷
128 4099 179 4162 vel
195 4108 236 4163 50
252 4099 439 4184 etamplius.
484 4095 527 4161 Et
540 4120 598 4181 par
612 4109 659 4162 est
680 4098 759 4160 ratio
773 4095 922 4166 fretorum
937 4094 1145 4180 oblongorum
1165 4103 1197 4155 et
1217 4091 1412 4167 vadosornm

13 4201 15 4222 '
128 4208 176 4270 uti
199 4207 403 4294 Megellanici
428 4207 549 4291 atejus
575 4221 637 4291 quo
662 4205 778 4291 Anglia
802 4203 1009 4268 circundatur.
1055 4202 1163 4266 AEstus
1182 4201 1215 4262 in
1236 4199 1416 4284 hujusmodi

127 4315 284 4400 portubus
299 4327 330 4380 et
344 4315 430 4379 fretis
443 4337 501 4399 per
516 4315 666 4398 impetum
687 4334 795 4376 cursus
810 4325 841 4376 et
855 4334 997 4376 recursus
1012 4330 1106 4393 supra
1126 4307 1255 4371 modum
1273 4319 1414 4392 augetur.

129 4422 185 4524 dd
199 4422 305 4487 littora
317 4421 393 4486 verit
408 4443 479 4508 quae
495 4420 646 4485 descensu
660 4419 813 4504 praecipiti
839 4419 880 4483 ad
904 4440 991 4482 mare
1005 4415 1195 4501 profundum
1219 4427 1250 4479 et
1274 4428 1415 4499 apertum

129 4597 186 4646 Jam
195 4596 250 4646 verb
260 4597 357 4658 sumptis
367 4598 477 4644 horumce
488 4609 638 4642 numerorum
648 4593 758 4656 legeritis·
791 4591 887 4654 guribus
896 4590 1088 4653 legaritlunorum
1099 4589 1193 4648 tubulis,
1201 4591 1278 4651 ptulit
1290 4588 1346 4636 Sed
1359 4587 1416 4634 Lut

129 4660 182 4715 mis,
200 4669 224 4710 et
238 4659 543 4724 quesitisrespondautitau
555 4658 658 4706 numeris
670 4657 757 4706 iurul-
793 4655 847 4702 lod
858 4659 948 4703 11815
958 4652 1141 4716 quamproxime

823 4718 854 4782 (¹)
868 4721 881 4749 ⁹
897 4721 1020 4781 Utplenus
1029 4721 1058 4767 sit
1068 4729 1145 4766 aaut·
1179 4717 1259 4782 (109.)

748 4801 776 4848 Η
788 4806 803 4848 8
