3392 5675
243 476 306 535 lsi
474 506 482 523 ι
546 468 889 536 PHILOSOPHIAE
912 468 1185 534 NATURALIS
1217 467 1292 547 [Dr
1300 465 1423 534 Muri.
1438 465 1533 532 Srsr.

243 646 364 709 motum
388 634 477 701 illum
500 636 603 719 capita
628 656 753 721 semper
776 637 1007 701 comitabuntur
1032 647 1063 699 et
1083 636 1122 699 iis
1140 635 1297 699 liberrime
1318 634 1534 699 adhaerebunt

246 742 394 807 Gravitas
408 742 491 806 enim
506 765 658 827 vaporum
673 744 707 807 in
723 743 829 809 Solem
843 765 908 807 non
921 744 1023 829 magis
1036 742 1148 807 efficiet
1161 754 1200 805 ut·
1211 742 1318 805 cuuth
1331 754 1441 825 postea
1450 742 1536 805 deci·

244 849 322 917 dant
342 873 362 914 a
383 848 537 932 capitibus
561 850 666 915 Solam
680 870 798 926 versias,
820 848 916 934 quiiin
931 849 1068 935 gravitm
1081 849 1220 933 capitum
1233 848 1354 911 efficere
1366 848 1477 932 possit,
1499 858 1535 910 ut

242 954 313 1019 hoec
333 952 481 1019 decidant
500 977 521 1017 a
541 954 658 1055 equilis.
704 954 874 1019 Communi
892 955 1045 1041 gravitate
1058 954 1109 1017 vel
1128 953 1221 1017 simul
1239 955 1274 1016 in
1289 953 1395 1017 solem
1410 953 1532 1030 cadent,

128 1121 131 1135 ,
242 1062 294 1127 vel
308 1060 402 1127 simul
414 1061 448 1125 in
463 1082 595 1125 ascensu
609 1082 666 1125 suo
680 1060 941 1137 rmardabuntm3
955 1060 1089 1146 idebque
1101 1060 1237 1147 gravitas
1251 1058 1306 1121 illa
1314 1080 1380 1122 non
1391 1059 1534 1145 impedit,

243 1169 309 1257 qul>
329 1166 433 1233 miritis
456 1168 565 1233 caudae
587 1180 619 1233 et
639 1171 743 1253 capita
763 1170 955 1253 positionem
965 1190 1183 1255 quamcunque
1196 1168 1240 1232 ad
1252 1168 1386 1233 invicem
1398 1192 1420 1233 a
1432 1170 1535 1235 causis

238 1279 307 1363 jani
328 1276 501 1360 descriptis,
524 1287 579 1339 aut
599 1275 667 1339 aliis
689 1276 930 1361 quibuscunque
942 1274 1088 1342 facillime
1103 1275 1259 1361 accipiant
1271 1288 1304 1341 et
1315 1288 1427 1361 postea
1438 1276 1535 1341 liber·

243 1384 324 1453 timii
338 1398 471 1451 servent.
1189 1419 1193 1425 ·
1489 1408 1495 1415 ·

290 1496 411 1563 Cuudoe
432 1495 538 1581 igitur,
566 1516 638 1581 qum
662 1496 696 1561 iu
721 1509 914 1561 cometarum
940 1496 1100 1580 periheliis
1123 1507 1305 1575 nascuntur,
1331 1498 1366 1561 in
1388 1497 1534 1584 regiones

242 1606 432 1692 longinquas
453 1624 525 1669 cum
546 1626 657 1669 eorum
677 1606 830 1691 capitibus
845 1606 986 1684 abibunt
1001 1620 1034 1671 et
1047 1606 1096 1670 vel
1116 1605 1191 1670 inde
1205 1617 1278 1692 post
1293 1606 1422 1693 longam
1434 1609 1543 1671 ω’

243 1711 1538 1799 rumseriemcumiicdemadnosredibuntvelpcffla‘ih'rmfccaapanlatim

121 1804 123 1823 '
244 1823 1537 1910 omniumposasuiamapmnsiimuiaem

242 1931 448 1997 breviusculis
461 1932 550 1995 lento
557 1942 648 1997 motu
660 1954 685 1997 a
695 1932 847 2017 capitibus
862 1930 1032 2019 propagari
1043 1930 1212 2007 debebunt,
1224 1942 1256 1995 et
1265 1929 1399 1993 subinde
1408 1931 1443 1993 in
1450 1934 1536 2015 peri·

241 2042 335 2107 heliis
354 2054 546 2107 cometarinn
566 2042 702 2121 illorum,
726 2044 781 2131 qui
801 2043 844 2107 ad
866 2066 964 2130 usqne
977 2041 1220 2126 atmospboerain
1235 2042 1317 2107 Solis
1331 2042 1534 2122 descendent,

241 2152 277 2215 ‘ni
298 2153 486 2217 immensum
507 2153 624 2240 augeri.
669 2154 778 2239 Vapor
803 2156 888 2219 enim
912 2156 947 2217 in
970 2154 1078 2239 spatiis
1102 2154 1164 2217 illis
1193 2153 1359 2217 liberrimis
1382 2155 1536 2238 perpetui)

241 2260 373 2332 rarescit
393 2284 431 2325 ac
452 2261 609 2325 dilatatur.
654 2261 727 2337 Qus
749 2263 871 2327 ratione
890 2264 928 2327 fit
947 2276 984 2327 ut
1005 2263 1106 2327 cauda
1126 2263 1227 2329 omnis
1246 2263 1289 2327 ud
1308 2266 1535 2329 extremitatem

240 2370 437 2452 superiorein
458 2370 551 2434 latior
572 2371 612 2435 sit
633 2368 726 2456 quaim
744 2372 836 2457 juxta
856 2384 950 2457 caput
963 2384 1104 2436 cometae.
1148 2372 1197 2437 Et
1212 2388 1317 2437 autern
1331 2374 1536 2442 rarefactione

181 2546 190 2567 ·
242 2498 393 2561 vaporem
413 2479 566 2563 perpetui)
586 2480 750 2547 dilatatum
764 2482 900 2546 diffundi
920 2482 1047 2563 tandem
1061 2494 1093 2547 et
1107 2482 1213 2570 spargi
1226 2505 1284 2567 per
1298 2483 1394 2548 coelos
1408 2486 1535 2551 nniver-

241 2607 305 2662 sos,
329 2584 444 2651 deinde
465 2587 616 2671 paulatim
637 2590 671 2653 in
691 2589 832 2674 planetas
853 2610 912 2673 per
932 2590 1118 2675 gravimtem
1141 2610 1232 2653 suam
1254 2590 1379 2667 attrahi,
1403 2604 1436 2654 et
1459 2614 1534 2657 cum

240 2716 353 2757 eorum
368 2696 585 2781 atmosphaeris
599 2697 733 2774 misceri,
750 2696 872 2763 ,rationi
891 2710 1137 2761 consentaneum
1149 2697 1282 2761 videtur.
1328 2697 1411 2761 Nam
1426 2721 1535 2784 quein-

241 2798 413 2866 admodum
435 2804 534 2870 maria
559 2804 601 2870 ad
625 2806 878 2872 constitutionem
900 2807 1013 2874 Terrae
1040 2806 1135 2892 hujus
1162 2806 1292 2872 omuino
1321 2808 1535 2894 requinmtiir,

176 2995 183 3010 ι
245 2911 343 2995 idque
366 2924 401 2976 ut
422 2934 463 2976 ex
484 2913 521 2978 iis
542 2937 601 2998 per
620 2915 762 2980 calorem'
776 2916 861 2980 Solis
881 2938 1012 3001 vapores
1034 2913 1161 3000 copiose
1183 2915 1256 2980 satis
1270 2917 1456 2995 excitentur,
1468 2921 1535 3004 ,qui

240 3018 293 3082 vel
308 3017 342 3082 in
356 3020 456 3084 nubes
471 3023 571 3090 coacti
585 3023 731 3088 decidant
751 3024 785 3087 in
805 3026 929 3109 pluviis,
947 3038 980 3090 et
1000 3025 1134 3090 Terram
1148 3026 1275 3091 omne'm
1289 3026 1330 3090 ad
1343 3029 1536 3111 procreatio-

114 3167 117 3174 *
241 3151 316 3194 nem
330 3133 551 3219 vegetabilium
573 3135 705 3223 irrigent
720 3147 752 3200 et
765 3127 923 3214 nutriant3
943 3136 995 3201 vel
1015 3136 1049 3199 in
1063 3135 1184 3223 frigidis
1198 3138 1354 3202 montium
1367 3137 1536 3202 verticibus

242 3237 424 3304 condensati
440 3245 451 3325 (
468 3242 507 3326 (Β)
523 3255 559 3306 ut
573 3242 669 3329 aliqui
684 3267 756 3308 curn
769 3245 892 3309 ratione
905 3244 1181 3330 philosophantur)
1202 3245 1372 3319 decurrant
1384 3246 1419 3308 iii
1432 3245 1534 3328 fontes

243 3357 276 3411 et
288 3347 435 3414 flumina:
452 3349 496 3414 sic
511 3351 552 3415 ad
567 3353 833 3418 conservationem
847 3353 982 3418 marium
997 3366 1031 3418 et
1042 3352 1212 3418 humorum
1226 3353 1260 3446 in
1273 3354 1406 3438 planetis
1416 3353 1535 3440 r'equiri

242 3453 390 3520 videntur
412 3470 553 3536 coinetae,
581 3481 622 3524 ex
644 3483 780 3547 quorum
803 3461 1052 3526 exhalationibus
1077 3473 1109 3526 et
1131 3461 1299 3546 vaporibus
1324 3461 1532 3541 condensatis,

165 3599 175 3614 ι
242 3559 391 3644 quicquid
415 3561 544 3647 liquoris
569 3585 627 3648 per
648 3567 877 3653 vegetationem
900 3579 933 3632 et
957 3565 1218 3652 putrefactionem
1228 3568 1433 3632 «consumitur
1452 3581 1484 3632 et
1500 3568 1535 3632 in

242 3665 378 3730 Terram
401 3667 522 3732 aridam
544 3671 745 3751 convertitur,
776 3671 926 3739 continub
952 3673 1090 3758 suppleri
1112 3686 1144 3738 et
1165 3673 1253 3738 refici
1280 3674 1389 3759 possit.
1448 3675 1534 3739 Nam

241 3777 426 3863 vegetabilis
440 3779 546 3844 omnia
558 3803 600 3846 ex
614 3780 787 3870 liquoribus
801 3784 931 3849 omnini)
945 3777 1099 3864 crescunt,
1121 3785 1195 3849 dein
1211 3785 1327 3873 magnii
1342 3808 1383 3850 ex
1396 3799 1486 3871 parte
1500 3788 1534 3853 in

245 3883 382 3948 Terram
396 3886 517 3950 aridam
531 3909 589 3972 per
602 3889 862 3972 putrefactionem
876 3893 1001 3970 abeunt,
1027 3905 1059 3958 et
1074 3892 1167 3956 limus
1182 3914 1223 3956 cx
1239 3892 1412 3978 liquoribus
1425 3906 1533 3978 putre·

241 3992 330 4060 factis
352 3996 506 4082 perpetuo
528 3998 654 4066 decidit.
700 4001 790 4066 Hinc
810 4003 909 4067 moles
932 4003 1044 4067 Terrae
1064 4003 1163 4068 aridae
1187 4003 1221 4065 in
1241 4002 1308 4065 dies
1329 4014 1471 4090 augetur,
1501 4017 1533 4069 et

240 4103 387 4194 liquores,
404 4106 465 4171 nisi
480 4106 605 4173 aliunde
620 4123 824 4196 augmentum
836 4126 1004 4189 sumerent,
1016 4111 1169 4197 perpetub
1179 4109 1360 4176 decrescere
1370 4111 1532 4192 deberent,

246 4233 283 4275 ac
297 4214 425 4278 tandem
439 4217 583 4282 deficere.
602 4223 605 4230 '
622 4217 724 4282 Porrd
740 4221 881 4304 suspicor
897 4221 1041 4306 spiritum
1060 4221 1159 4297 illuni,
1183 4222 1238 4306 qui
1252 4221 1332 4284 acris
1345 4222 1445 4284 nostri
1458 4243 1533 4306 pars

240 4319 370 4386 minima
384 4336 448 4401 est,
458 4325 514 4390 sed
529 4326 728 4391 subtilissima
743 4341 773 4392 at
788 4330 917 4414 optimi,
938 4342 972 4395 et
984 4331 1025 4396 ad
1040 4353 1145 4396 rerum
1159 4331 1409 4397 omniumhitam
1427 4331 1531 4420 requi·

239 4427 329 4506 nitur,
345 4451 386 4494 ex
400 4433 528 4498 admetis
542 4433 700 4520 praecipub
715 4437 829 4502 venire.

272 4619 308 4688 (¹)
326 4625 339 4654 ⁸
357 4624 388 4674 ui
407 4625 479 4687 acqui
497 4641 552 4678 cum
570 4631 659 4676 mium
674 4631 870 4691 pilumnum.
903 4631 1022 4680 minuc
1043 4631 1177 4692 Ριιιιοωριι
1195 4603 1233 4681 iu
1248 4637 1317 4682 isai.
1333 4639 1402 4686 1694.
1418 4636 1488 4683 iias
1505 4639 1531 4682 e

240 4685 366 4736 Horumce
375 4688 568 4750 philosophorum
579 4693 680 4740 rationes
687 4691 764 4740 videre
772 4703 807 4740 cst
817 4709 870 4754 pas-
893 4695 1013 4745 ’Morum
1028 4696 1103 4746 Acii.
1118 4697 1192 4747 Parit.
1204 4713 1243 4746 au·
1259 4703 1327 4749 1703.

239 4749 284 4799 sim
301 4751 365 4814 apud
382 4766 464 4801 cinnes
475 4751 584 4802 cultiores
598 4755 711 4818 physicos.
747 4757 871 4821 Leguntur
