<?xml version="1.0" encoding="UTF-8"?>
<!DOCTYPE html PUBLIC "-//W3C//DTD XHTML 1.0 Transitional//EN"
    "http://www.w3.org/TR/xhtml1/DTD/xhtml1-transitional.dtd">
<html xmlns="http://www.w3.org/1999/xhtml" xml:lang="en" lang="en">
 <head>
  <title>
</title>
<meta http-equiv="Content-Type" content="text/html;charset=utf-8" />
  <meta name='ocr-system' content='tesseract 3.04.00' />
  <meta name='ocr-capabilities' content='ocr_page ocr_carea ocr_par ocr_line ocrx_word'/>
</head>
<body>
  <div class='ocr_page' id='page_1' title='image "./philosophinatur04wriggoog_0208.png"; bbox 0 0 3392 5675; ppageno 0'>
   <div class='ocr_carea' id='block_1_1' title="bbox 149 430 1442 572">
    <p class='ocr_par' dir='ltr' id='par_1_1' title="bbox 149 430 1442 572">
     <span class='ocr_line' id='line_1_1' title="bbox 149 430 1442 572; baseline 0 -17"><span class='ocrx_word' id='word_1_1' title='bbox 149 484 265 562; x_wconf 66' lang='lat' dir='ltr'><strong>nuru</strong></span> <span class='ocrx_word' id='word_1_2' title='bbox 280 483 465 565; x_wconf 66' lang='lat' dir='ltr'><strong>meuse]</strong></span> <span class='ocrx_word' id='word_1_3' title='bbox 507 430 753 551; x_wconf 72' lang='lat' dir='ltr'><strong>pernoram</strong></span> <span class='ocrx_word' id='word_1_4' title='bbox 772 477 1146 572; x_wconf 67' lang='lat' dir='ltr'><strong>namnetum.</strong></span> <span class='ocrx_word' id='word_1_5' title='bbox 1377 489 1442 555; x_wconf 77' lang='lat' dir='ltr'><strong>ssu</strong></span> 
     </span>
    </p>
   </div>
   <div class='ocr_carea' id='block_1_2' title="bbox 145 661 1444 861">
    <p class='ocr_par' dir='ltr' id='par_1_2' title="bbox 145 661 1444 861">
     <span class='ocr_line' id='line_1_2' title="bbox 148 661 1443 755; baseline -0.002 -22"><span class='ocrx_word' id='word_1_6' title='bbox 148 676 326 747; x_wconf 74' lang='lat' dir='ltr'><strong>summanr,</strong></span> <span class='ocrx_word' id='word_1_7' title='bbox 337 664 1072 755; x_wconf 50' lang='lat' dir='ltr'><strong>onmlnfflfflstatubhtimm</strong></span> <span class='ocrx_word' id='word_1_8' title='bbox 1081 661 1443 749; x_wconf 60' lang='lat' dir='ltr'><strong>affirmarim&amp;</strong></span> 
     </span>
     <span class='ocr_line' id='line_1_3' title="bbox 145 772 1444 861; baseline 0.001 -20"><span class='ocrx_word' id='word_1_9' title='bbox 145 772 287 841; x_wconf 72' lang='lat' dir='ltr'><strong>maaser</strong></span> <span class='ocrx_word' id='word_1_10' title='bbox 329 775 463 853; x_wconf 70' lang='lat' dir='ltr'><strong>cutte</strong></span> <span class='ocrx_word' id='word_1_11' title='bbox 475 774 725 853; x_wconf 63' lang='lat' dir='ltr'><strong>instaurasse,</strong></span> <span class='ocrx_word' id='word_1_12' title='bbox 745 773 822 861; x_wconf 73' lang='lat' dir='ltr'><strong>qaia</strong></span> <span class='ocrx_word' id='word_1_13' title='bbox 836 772 937 839; x_wconf 75' lang='lat' dir='ltr'><strong>nltiirs</strong></span> <span class='ocrx_word' id='word_1_14' title='bbox 949 775 1154 851; x_wconf 70' lang='lat' dir='ltr'><strong>dmerdnnt,</strong></span> <span class='ocrx_word' id='word_1_15' title='bbox 1174 772 1311 860; x_wconf 72' lang='lat' dir='ltr'><strong>ideisque</strong></span> <span class='ocrx_word' id='word_1_16' title='bbox 1329 772 1444 856; x_wconf 58' lang='lat' dir='ltr'><strong>tardiss</strong></span> 
     </span>
    </p>
   </div>
   <div class='ocr_carea' id='block_1_3' title="bbox 61 878 1047 979">
    <p class='ocr_par' dir='ltr' id='par_1_3' title="bbox 61 878 1047 979">
     <span class='ocr_line' id='line_1_4' title="bbox 61 878 1047 979; baseline 0.005 -37"><span class='ocrx_word' id='word_1_17' title='bbox 61 968 64 979; x_wconf 35' lang='grc' dir='ltr'>Ι</span> <span class='ocrx_word' id='word_1_18' title='bbox 148 878 230 945; x_wconf 72' lang='lat' dir='ltr'><strong>sime</strong></span> <span class='ocrx_word' id='word_1_19' title='bbox 242 892 409 950; x_wconf 88' lang='lat' dir='ltr'><strong>moventur</strong></span> <span class='ocrx_word' id='word_1_20' title='bbox 422 883 457 949; x_wconf 87' lang='lat' dir='ltr'><strong>in</strong></span> <span class='ocrx_word' id='word_1_21' title='bbox 470 881 611 968; x_wconf 84' lang='lat' dir='ltr'><strong>apheliis,</strong></span> <span class='ocrx_word' id='word_1_22' title='bbox 627 880 744 947; x_wconf 87' lang='lat' dir='ltr'><strong>debent</strong></span> <span class='ocrx_word' id='word_1_23' title='bbox 757 879 852 947; x_wconf 81' lang='lat' dir='ltr'><strong>altids</strong></span> <span class='ocrx_word' id='word_1_24' title='bbox 866 880 1047 947; x_wconf 62' lang='lat' dir='ltr'><strong>ricemere.</strong></span> 
     </span>
    </p>
   </div>
   <div class='ocr_carea' id='block_1_4' title="bbox 195 985 1440 1076">
    <p class='ocr_par' dir='ltr' id='par_1_4' title="bbox 195 985 1440 1076">
     <span class='ocr_line' id='line_1_5' title="bbox 195 985 1440 1076; baseline -0.004 -20"><span class='ocrx_word' id='word_1_25' title='bbox 195 989 336 1067; x_wconf 72' lang='lat' dir='ltr'><strong>Cometa,</strong></span> <span class='ocrx_word' id='word_1_26' title='bbox 359 989 414 1076; x_wconf 89' lang='lat' dir='ltr'><strong>qui</strong></span> <span class='ocrx_word' id='word_1_27' title='bbox 434 1011 522 1055; x_wconf 83' lang='lat' dir='ltr'><strong>anno</strong></span> <span class='ocrx_word' id='word_1_28' title='bbox 541 998 628 1055; x_wconf 78' lang='lat' dir='ltr'><strong>latu</strong></span> <span class='ocrx_word' id='word_1_29' title='bbox 649 988 805 1073; x_wconf 80' lang='lat' dir='ltr'><strong>apparuit,</strong></span> <span class='ocrx_word' id='word_1_30' title='bbox 827 988 937 1053; x_wconf 76' lang='lat' dir='ltr'><strong>minus.</strong></span> <span class='ocrx_word' id='word_1_31' title='bbox 953 988 1124 1054; x_wconf 77' lang='lat' dir='ltr'><strong>distabata</strong></span> <span class='ocrx_word' id='word_1_32' title='bbox 1139 985 1268 1053; x_wconf 82' lang='lat' dir='ltr'><strong>Sole&#39;in</strong></span> <span class='ocrx_word' id='word_1_33' title='bbox 1287 986 1440 1071; x_wconf 84' lang='lat' dir='ltr'><strong>parilrelio¹</strong></span> 
     </span>
    </p>
   </div>
   <div class='ocr_carea' id='block_1_5' title="bbox 42 1068 1442 1186">
    <p class='ocr_par' dir='ltr' id='par_1_5' title="bbox 42 1068 1442 1186">
     <span class='ocr_line' id='line_1_6' title="bbox 42 1068 1442 1186; baseline -0.001 -23"><span class='ocrx_word' id='word_1_34' title='bbox 42 1068 47 1080; x_wconf 36' lang='lat'><em>⁵</em></span> <span class='ocrx_word' id='word_1_35' title='bbox 146 1120 210 1163; x_wconf 92' lang='lat' dir='ltr'><strong>suo</strong></span> <span class='ocrx_word' id='word_1_36' title='bbox 221 1097 316 1185; x_wconf 77' lang='lat' dir='ltr'><strong>quim</strong></span> <span class='ocrx_word' id='word_1_37' title='bbox 329 1113 419 1186; x_wconf 85' lang='lat' dir='ltr'><strong>parte</strong></span> <span class='ocrx_word' id='word_1_38' title='bbox 433 1098 523 1165; x_wconf 68' lang='lat' dir='ltr'><strong>sexti</strong></span> <span class='ocrx_word' id='word_1_39' title='bbox 537 1089 681 1163; x_wconf 70' lang='lat' dir='ltr'><strong>diainmri</strong></span> <span class='ocrx_word' id='word_1_40' title='bbox 701 1098 785 1165; x_wconf 83' lang='lat' dir='ltr'><strong>Solis</strong></span> <span class='ocrx_word' id='word_1_41' title='bbox 793 1119 813 1177; x_wconf 73' lang='grc' dir='ltr'><strong>ς’</strong></span> <span class='ocrx_word' id='word_1_42' title='bbox 826 1109 859 1163; x_wconf 89' lang='lat' dir='ltr'><strong>et</strong></span> <span class='ocrx_word' id='word_1_43' title='bbox 878 1109 1010 1183; x_wconf 83' lang='lat' dir='ltr'><strong>propter</strong></span> <span class='ocrx_word' id='word_1_44' title='bbox 1024 1116 1182 1165; x_wconf 75' lang='lat' dir='ltr'><strong>smmum</strong></span> <span class='ocrx_word' id='word_1_45' title='bbox 1191 1096 1386 1161; x_wconf 74' lang='lat' dir='ltr'><strong>vvelocitatem</strong></span> <span class='ocrx_word' id='word_1_46' title='bbox 1406 1094 1442 1161; x_wconf 78' lang='lat' dir='ltr'><strong>in&#39;</strong></span> 
     </span>
    </p>
   </div>
   <div class='ocr_carea' id='block_1_6' title="bbox 145 1201 1441 1397">
    <p class='ocr_par' dir='ltr' id='par_1_6' title="bbox 145 1201 1441 1397">
     <span class='ocr_line' id='line_1_7' title="bbox 145 1201 1441 1291; baseline -0.006 -18"><span class='ocrx_word' id='word_1_47' title='bbox 145 1204 261 1273; x_wconf 72' lang='lat' dir='ltr'><strong>ricinia</strong></span> <span class='ocrx_word' id='word_1_48' title='bbox 274 1205 337 1285; x_wconf 80' lang='lat' dir='ltr'><strong>illd,</strong></span> <span class='ocrx_word' id='word_1_49' title='bbox 354 1218 386 1271; x_wconf 89' lang='lat' dir='ltr'><strong>et</strong></span> <span class='ocrx_word' id='word_1_50' title='bbox 400 1208 583 1273; x_wconf 71' lang='lat' dir='ltr'><strong>densitatem</strong></span> <span class='ocrx_word' id='word_1_51' title='bbox 595 1205 731 1291; x_wconf 79' lang='lat' dir='ltr'><strong>aliquem</strong></span> <span class='ocrx_word' id='word_1_52' title='bbox 740 1203 963 1289; x_wconf 79' lang='lat' dir='ltr'><strong>atmoapboerae</strong></span> <span class='ocrx_word' id='word_1_53' title='bbox 978 1203 1073 1282; x_wconf 76' lang='lat' dir='ltr'><strong>Sobs,</strong></span> <span class='ocrx_word' id='word_1_54' title='bbox 1085 1202 1291 1270; x_wconf 82' lang='lat' dir='ltr'><strong>resistentiam</strong></span> <span class='ocrx_word' id='word_1_55' title='bbox 1304 1201 1441 1266; x_wconf 86' lang='lat' dir='ltr'><strong>nonnul-</strong></span> 
     </span>
     <span class='ocr_line' id='line_1_8' title="bbox 146 1307 1440 1397; baseline 0 -22"><span class='ocrx_word' id='word_1_56' title='bbox 146 1312 215 1379; x_wconf 85' lang='lat' dir='ltr'><strong>lam</strong></span> <span class='ocrx_word' id='word_1_57' title='bbox 236 1314 355 1383; x_wconf 84' lang='lat' dir='ltr'><strong>sentite</strong></span> <span class='ocrx_word' id='word_1_58' title='bbox 372 1313 490 1390; x_wconf 85' lang='lat' dir='ltr'><strong>debuit,</strong></span> <span class='ocrx_word' id='word_1_59' title='bbox 513 1324 546 1377; x_wconf 91' lang='lat' dir='ltr'><strong>et</strong></span> <span class='ocrx_word' id='word_1_60' title='bbox 566 1312 796 1397; x_wconf 80' lang='lat' dir='ltr'><strong>aliquantulum</strong></span> <span class='ocrx_word' id='word_1_61' title='bbox 807 1310 974 1388; x_wconf 68' lang='lat' dir='ltr'><strong>russum,</strong></span> <span class='ocrx_word' id='word_1_62' title='bbox 986 1321 1019 1374; x_wconf 83' lang='lat' dir='ltr'><strong>et</strong></span> <span class='ocrx_word' id='word_1_63' title='bbox 1030 1307 1161 1394; x_wconf 73' lang='lat' dir='ltr'><strong>prophis</strong></span> <span class='ocrx_word' id='word_1_64' title='bbox 1174 1308 1216 1371; x_wconf 85' lang='lat' dir='ltr'><strong>ad</strong></span> <span class='ocrx_word' id='word_1_65' title='bbox 1232 1307 1338 1373; x_wconf 87' lang='lat' dir='ltr'><strong>Solem</strong></span> <span class='ocrx_word' id='word_1_66' title='bbox 1352 1330 1440 1375; x_wconf 81' lang='lat' dir='ltr'><strong>acce-</strong></span> 
     </span>
    </p>
   </div>
   <div class='ocr_carea' id='block_1_7' title="bbox 48 1404 1442 1613">
    <p class='ocr_par' dir='ltr' id='par_1_7' title="bbox 48 1404 1442 1613">
     <span class='ocr_line' id='line_1_9' title="bbox 48 1404 1441 1512; baseline -0.004 -29"><span class='ocrx_word' id='word_1_67' title='bbox 48 1404 62 1419; x_wconf 68' lang='grc'><strong>”</strong></span> <span class='ocrx_word' id='word_1_68' title='bbox 144 1418 243 1487; x_wconf 80' lang='lat' dir='ltr'><strong>dere:</strong></span> <span class='ocrx_word' id='word_1_69' title='bbox 266 1432 298 1485; x_wconf 87' lang='lat' dir='ltr'><strong>et</strong></span> <span class='ocrx_word' id='word_1_70' title='bbox 312 1419 443 1507; x_wconf 73' lang='lat' dir='ltr'><strong>singidis</strong></span> <span class='ocrx_word' id='word_1_71' title='bbox 457 1418 704 1485; x_wconf 67' lang='lat' dir='ltr'>revolutionibus</span> <span class='ocrx_word' id='word_1_72' title='bbox 719 1417 904 1512; x_wconf 76' lang='lat' dir='ltr'><strong>accedendo</strong></span> <span class='ocrx_word' id='word_1_73' title='bbox 912 1415 1089 1498; x_wconf 26' lang='lat' dir='ltr'><strong>adISolem,</strong></span> <span class='ocrx_word' id='word_1_74' title='bbox 1098 1414 1216 1480; x_wconf 78' lang='lat' dir='ltr'>incidet</span> <span class='ocrx_word' id='word_1_75' title='bbox 1228 1414 1393 1479; x_wconf 84' lang='lat' dir='ltr'><strong>istandern</strong></span> <span class='ocrx_word' id='word_1_76' title='bbox 1406 1414 1441 1478; x_wconf 92' lang='lat' dir='ltr'><strong>in</strong></span> 
     </span>
     <span class='ocr_line' id='line_1_10' title="bbox 50 1511 1442 1613; baseline -0.009 -18"><span class='ocrx_word' id='word_1_77' title='bbox 50 1511 53 1531; x_wconf 50' lang='lat'>⁸</span> <span class='ocrx_word' id='word_1_78' title='bbox 146 1548 263 1613; x_wconf 84' lang='lat' dir='ltr'><strong>corpus</strong></span> <span class='ocrx_word' id='word_1_79' title='bbox 287 1526 379 1594; x_wconf 82' lang='lat' dir='ltr'><strong>Solis.</strong></span> <span class='ocrx_word' id='word_1_80' title='bbox 427 1526 491 1594; x_wconf 86' lang='lat' dir='ltr'><strong>Sed</strong></span> <span class='ocrx_word' id='word_1_81' title='bbox 512 1539 544 1591; x_wconf 90' lang='lat' dir='ltr'><strong>et</strong></span> <span class='ocrx_word' id='word_1_82' title='bbox 564 1526 602 1591; x_wconf 85' lang='lat' dir='ltr'><strong>in</strong></span> <span class='ocrx_word' id='word_1_83' title='bbox 620 1524 745 1610; x_wconf 83' lang='lat' dir='ltr'><strong>aphelio</strong></span> <span class='ocrx_word' id='word_1_84' title='bbox 759 1524 815 1589; x_wconf 90' lang='lat' dir='ltr'><strong>ubi</strong></span> <span class='ocrx_word' id='word_1_85' title='bbox 829 1514 1006 1589; x_wconf 73' lang='lat' dir='ltr'><strong>tardissimi</strong></span> <span class='ocrx_word' id='word_1_86' title='bbox 1019 1533 1174 1599; x_wconf 81' lang='lat' dir='ltr'><strong>monetur,</strong></span> <span class='ocrx_word' id='word_1_87' title='bbox 1194 1520 1363 1605; x_wconf 81' lang='lat' dir='ltr'><strong>uliqsrando</strong></span> <span class='ocrx_word' id='word_1_88' title='bbox 1382 1542 1442 1605; x_wconf 78' lang='lat' dir='ltr'><strong>per</strong></span> 
     </span>
    </p>
   </div>
   <div class='ocr_carea' id='block_1_8' title="bbox 145 1625 1444 1935">
    <p class='ocr_par' dir='ltr' id='par_1_8' title="bbox 145 1625 1444 1935">
     <span class='ocr_line' id='line_1_11' title="bbox 145 1625 1442 1715; baseline -0.008 -14"><span class='ocrx_word' id='word_1_89' title='bbox 145 1634 362 1701; x_wconf 76' lang='lat' dir='ltr'>attractionem</span> <span class='ocrx_word' id='word_1_90' title='bbox 379 1632 512 1700; x_wconf 84' lang='lat' dir='ltr'><strong>oliorum</strong></span> <span class='ocrx_word' id='word_1_91' title='bbox 527 1644 720 1697; x_wconf 83' lang='lat' dir='ltr'><strong>cometarum</strong></span> <span class='ocrx_word' id='word_1_92' title='bbox 734 1630 889 1697; x_wconf 82' lang='lat' dir='ltr'><strong>retardari</strong></span> <span class='ocrx_word' id='word_1_93' title='bbox 902 1640 1019 1715; x_wconf 82' lang='lat' dir='ltr'><strong>potest,</strong></span> <span class='ocrx_word' id='word_1_94' title='bbox 1030 1641 1063 1694; x_wconf 87' lang='lat' dir='ltr'><strong>et</strong></span> <span class='ocrx_word' id='word_1_95' title='bbox 1075 1625 1209 1693; x_wconf 75' lang='lat' dir='ltr'><strong>subinde</strong></span> <span class='ocrx_word' id='word_1_96' title='bbox 1222 1628 1258 1692; x_wconf 88' lang='lat' dir='ltr'><strong>in</strong></span> <span class='ocrx_word' id='word_1_97' title='bbox 1272 1626 1380 1693; x_wconf 77' lang='lat' dir='ltr'><strong>Sdem</strong></span> <span class='ocrx_word' id='word_1_98' title='bbox 1392 1627 1442 1692; x_wconf 89' lang='lat' dir='ltr'><strong>in·</strong></span> 
     </span>
     <span class='ocr_line' id='line_1_12' title="bbox 145 1735 1444 1829; baseline -0.002 -24"><span class='ocrx_word' id='word_1_99' title='bbox 145 1741 265 1807; x_wconf 85' lang='lat' dir='ltr'><strong>cidere.</strong></span> <span class='ocrx_word' id='word_1_100' title='bbox 297 1742 348 1826; x_wconf 50' lang='grc' dir='ltr'><strong>(θ)</strong></span> <span class='ocrx_word' id='word_1_101' title='bbox 374 1740 427 1807; x_wconf 82' lang='lat' dir='ltr'><strong>Sic</strong></span> <span class='ocrx_word' id='word_1_102' title='bbox 449 1740 544 1809; x_wconf 86' lang='lat' dir='ltr'><strong>etiarn</strong></span> <span class='ocrx_word' id='word_1_103' title='bbox 569 1739 669 1807; x_wconf 77' lang='lat' dir='ltr'><strong>stellae</strong></span> <span class='ocrx_word' id='word_1_104' title='bbox 692 1740 779 1818; x_wconf 73' lang='lat' dir='ltr'><strong>exe,</strong></span> <span class='ocrx_word' id='word_1_105' title='bbox 797 1762 871 1829; x_wconf 73' lang='lat' dir='ltr'><strong>qnae</strong></span> <span class='ocrx_word' id='word_1_106' title='bbox 894 1738 1047 1824; x_wconf 81' lang='lat' dir='ltr'><strong>perdatim</strong></span> <span class='ocrx_word' id='word_1_107' title='bbox 1069 1736 1215 1821; x_wconf 84' lang='lat' dir='ltr'><strong>expirant</strong></span> <span class='ocrx_word' id='word_1_108' title='bbox 1234 1735 1393 1801; x_wconf 82' lang='lat' dir='ltr'><strong>inlunem</strong></span> <span class='ocrx_word' id='word_1_109' title='bbox 1410 1746 1444 1802; x_wconf 87' lang='lat' dir='ltr'><strong>et</strong></span> 
     </span>
     <span class='ocr_line' id='line_1_13' title="bbox 145 1841 1442 1935; baseline -0.007 -20"><span class='ocrx_word' id='word_1_110' title='bbox 145 1871 294 1934; x_wconf 79' lang='lat' dir='ltr'>vapores,</span> <span class='ocrx_word' id='word_1_111' title='bbox 307 1850 435 1917; x_wconf 85' lang='lat' dir='ltr'><strong>cometis</strong></span> <span class='ocrx_word' id='word_1_112' title='bbox 450 1850 484 1917; x_wconf 88' lang='lat' dir='ltr'><strong>in</strong></span> <span class='ocrx_word' id='word_1_113' title='bbox 498 1849 582 1933; x_wconf 80' lang='lat' dir='ltr'><strong>ipsae</strong></span> <span class='ocrx_word' id='word_1_114' title='bbox 593 1846 804 1917; x_wconf 73' lang='lat' dir='ltr'><strong>incidentibus</strong></span> <span class='ocrx_word' id='word_1_115' title='bbox 819 1846 912 1913; x_wconf 79' lang='lat' dir='ltr'><strong>refici.</strong></span> <span class='ocrx_word' id='word_1_116' title='bbox 925 1856 1067 1935; x_wconf 78' lang='lat' dir='ltr'><strong>possum,</strong></span> <span class='ocrx_word' id='word_1_117' title='bbox 1082 1856 1115 1910; x_wconf 92' lang='lat' dir='ltr'><strong>et</strong></span> <span class='ocrx_word' id='word_1_118' title='bbox 1127 1849 1212 1909; x_wconf 83' lang='lat' dir='ltr'><strong>nono</strong></span> <span class='ocrx_word' id='word_1_119' title='bbox 1225 1841 1376 1909; x_wconf 76' lang='lat' dir='ltr'><strong>abmento</strong></span> <span class='ocrx_word' id='word_1_120' title='bbox 1389 1863 1442 1907; x_wconf 85' lang='lat' dir='ltr'><strong>ac·</strong></span> 
     </span>
    </p>
   </div>
   <div class='ocr_carea' id='block_1_9' title="bbox 33 1948 1444 2042">
    <p class='ocr_par' dir='ltr' id='par_1_9' title="bbox 33 1948 1444 2042">
     <span class='ocr_line' id='line_1_14' title="bbox 33 1948 1444 2042; baseline -0.002 -22"><span class='ocrx_word' id='word_1_121' title='bbox 33 1948 56 1970; x_wconf 80' lang='lat'><strong>&#39;¹</strong></span> <span class='ocrx_word' id='word_1_122' title='bbox 146 1978 253 2025; x_wconf 82' lang='lat' dir='ltr'><strong>censae</strong></span> <span class='ocrx_word' id='word_1_123' title='bbox 275 1976 337 2040; x_wconf 88' lang='lat' dir='ltr'><strong>pro</strong></span> <span class='ocrx_word' id='word_1_124' title='bbox 363 1955 458 2027; x_wconf 89' lang='lat' dir='ltr'><strong>stellis</strong></span> <span class='ocrx_word' id='word_1_125' title='bbox 482 1955 572 2021; x_wconf 86' lang='lat' dir='ltr'><strong>novis</strong></span> <span class='ocrx_word' id='word_1_126' title='bbox 594 1954 714 2023; x_wconf 76' lang='lat' dir='ltr'><strong>heberi.</strong></span> <span class='ocrx_word' id='word_1_127' title='bbox 760 1954 868 2039; x_wconf 62' lang='lat' dir='ltr'><strong>Huius</strong></span> <span class='ocrx_word' id='word_1_128' title='bbox 893 1954 1020 2042; x_wconf 77' lang='lat' dir='ltr'><strong>generis</strong></span> <span class='ocrx_word' id='word_1_129' title='bbox 1045 1965 1123 2020; x_wconf 84' lang='lat' dir='ltr'><strong>sant</strong></span> <span class='ocrx_word' id='word_1_130' title='bbox 1143 1950 1242 2028; x_wconf 74' lang='lat' dir='ltr'><strong>stellae</strong></span> <span class='ocrx_word' id='word_1_131' title='bbox 1262 1950 1346 2029; x_wconf 78' lang='lat' dir='ltr'><strong>fixae,</strong></span> <span class='ocrx_word' id='word_1_132' title='bbox 1370 1973 1444 2037; x_wconf 83' lang='lat' dir='ltr'><strong>quae</strong></span> 
     </span>
    </p>
   </div>
   <div class='ocr_carea' id='block_1_10' title="bbox 146 2057 1443 2151">
    <p class='ocr_par' dir='ltr' id='par_1_10' title="bbox 146 2057 1443 2151">
     <span class='ocr_line' id='line_1_15' title="bbox 146 2057 1443 2151; baseline -0.007 -18"><span class='ocrx_word' id='word_1_133' title='bbox 146 2066 254 2133; x_wconf 85' lang='lat' dir='ltr'><strong>subito</strong></span> <span class='ocrx_word' id='word_1_134' title='bbox 269 2079 430 2151; x_wconf 81' lang='lat' dir='ltr'><strong>appetent,</strong></span> <span class='ocrx_word' id='word_1_135' title='bbox 447 2077 479 2133; x_wconf 83' lang='lat' dir='ltr'><strong>et</strong></span> <span class='ocrx_word' id='word_1_136' title='bbox 493 2066 551 2131; x_wconf 88' lang='lat' dir='ltr'><strong>sub</strong></span> <span class='ocrx_word' id='word_1_137' title='bbox 569 2065 659 2129; x_wconf 90' lang='lat' dir='ltr'><strong>initio</strong></span> <span class='ocrx_word' id='word_1_138' title='bbox 674 2060 768 2151; x_wconf 74' lang='lat' dir='ltr'><strong>quim</strong></span> <span class='ocrx_word' id='word_1_139' title='bbox 783 2062 921 2130; x_wconf 73' lang='lat' dir='ltr'><strong>maxime</strong></span> <span class='ocrx_word' id='word_1_140' title='bbox 937 2063 1121 2147; x_wconf 54' lang='lat' dir='ltr'><strong>splendent</strong></span> <span class='ocrx_word' id='word_1_141' title='bbox 1135 2071 1167 2125; x_wconf 87' lang='lat' dir='ltr'><strong>et</strong></span> <span class='ocrx_word' id='word_1_142' title='bbox 1180 2057 1313 2126; x_wconf 70' lang='lat' dir='ltr'><strong>subinde</strong></span> <span class='ocrx_word' id='word_1_143' title='bbox 1333 2060 1443 2145; x_wconf 79' lang='lat' dir='ltr'><strong>poula-</strong></span> 
     </span>
    </p>
   </div>
   <div class='ocr_carea' id='block_1_11' title="bbox 46 2168 1442 2255">
    <p class='ocr_par' dir='ltr' id='par_1_11' title="bbox 46 2168 1442 2255">
     <span class='ocr_line' id='line_1_16' title="bbox 46 2168 1442 2255; baseline -0.004 -16"><span class='ocrx_word' id='word_1_144' title='bbox 46 2188 64 2219; x_wconf 86' lang='grc'><strong>’·</strong></span> <span class='ocrx_word' id='word_1_145' title='bbox 145 2175 206 2239; x_wconf 89' lang='lat' dir='ltr'><strong>tim</strong></span> <span class='ocrx_word' id='word_1_146' title='bbox 220 2186 416 2241; x_wconf 80' lang='lat' dir='ltr'><strong>evanescunt</strong></span> <span class='ocrx_word' id='word_1_147' title='bbox 462 2175 550 2240; x_wconf 86' lang='lat' dir='ltr'><strong>Talis</strong></span> <span class='ocrx_word' id='word_1_148' title='bbox 564 2174 623 2240; x_wconf 81' lang='lat' dir='ltr'><strong>fuit</strong></span> <span class='ocrx_word' id='word_1_149' title='bbox 637 2173 727 2239; x_wconf 82' lang='lat' dir='ltr'><strong>stella</strong></span> <span class='ocrx_word' id='word_1_150' title='bbox 741 2172 777 2237; x_wconf 87' lang='lat' dir='ltr'><strong>in</strong></span> <span class='ocrx_word' id='word_1_151' title='bbox 789 2172 939 2239; x_wconf 79' lang='lat' dir='ltr'><strong>oatbedni</strong></span> <span class='ocrx_word' id='word_1_152' title='bbox 956 2170 1147 2255; x_wconf 85' lang='lat' dir='ltr'><strong>Cassiopeiae</strong></span> <span class='ocrx_word' id='word_1_153' title='bbox 1164 2188 1260 2255; x_wconf 81' lang='lat' dir='ltr'><strong>quam</strong></span> <span class='ocrx_word' id='word_1_154' title='bbox 1274 2168 1442 2233; x_wconf 86' lang='lat' dir='ltr'><strong>Cornelius</strong></span> 
     </span>
    </p>
   </div>
   <div class='ocr_carea' id='block_1_12' title="bbox 17 2715 41 3004">
    <p class='ocr_par' dir='ltr' id='par_1_12' title="bbox 17 2715 41 3004">
     <span class='ocr_line' id='line_1_17' title="bbox 17 2715 41 2745; baseline 0 0"><span class='ocrx_word' id='word_1_155' title='bbox 17 2715 41 2745; x_wconf 87' lang='lat' dir='ltr'><strong>uu</strong></span> 
     </span>
     <span class='ocr_line' id='line_1_18' title="bbox 17 2764 41 2809; baseline 0 0"><span class='ocrx_word' id='word_1_156' title='bbox 17 2764 41 2809; x_wconf 76' lang='lat' dir='ltr'><strong>in</strong></span> 
     </span>
     <span class='ocr_line' id='line_1_19' title="bbox 17 2839 40 2874; baseline 0 0"><span class='ocrx_word' id='word_1_157' title='bbox 17 2839 40 2874; x_wconf 85' lang='lat' dir='ltr'><strong>ttr</strong></span> 
     </span>
     <span class='ocr_line' id='line_1_20' title="bbox 17 2895 38 2939; baseline 0 0"><span class='ocrx_word' id='word_1_158' title='bbox 17 2895 38 2939; x_wconf 82' lang='lat' dir='ltr'><strong>bt</strong></span> 
     </span>
     <span class='ocr_line' id='line_1_21' title="bbox 17 2972 36 3004; baseline 0 0"><span class='ocrx_word' id='word_1_159' title='bbox 17 2972 36 3004; x_wconf 71' lang='lat' dir='ltr'><strong>a</strong></span> 
     </span>
    </p>
   </div>
   <div class='ocr_carea' id='block_1_13' title="bbox 17 3033 36 3068">
    <p class='ocr_par' dir='ltr' id='par_1_13' title="bbox 17 3033 36 3068">
     <span class='ocr_line' id='line_1_22' title="bbox 17 3033 36 3068; textangle 90"><span class='ocrx_word' id='word_1_160' title='bbox 17 3033 36 3068; x_wconf 70' lang='grc' dir='ltr'>Ξ</span> 
     </span>
    </p>
   </div>
   <div class='ocr_carea' id='block_1_14' title="bbox 17 3089 34 3642">
    <p class='ocr_par' dir='ltr' id='par_1_14' title="bbox 17 3089 34 3642">
     <span class='ocr_line' id='line_1_23' title="bbox 17 3089 34 3642; textangle 90"><span class='ocrx_word' id='word_1_161' title='bbox 17 3089 34 3642; x_wconf 47' lang='lat'><strong>&#39;‘“2-*353233</strong></span> 
     </span>
    </p>
   </div>
   <div class='ocr_carea' id='block_1_15' title="bbox 145 2276 1457 2486">
    <p class='ocr_par' dir='ltr' id='par_1_15' title="bbox 145 2276 1457 2486">
     <span class='ocr_line' id='line_1_24' title="bbox 149 2276 1457 2359; baseline -0.008 -13"><span class='ocrx_word' id='word_1_162' title='bbox 149 2280 292 2349; x_wconf 79' lang='lat' dir='ltr'><strong>Gemma</strong></span> <span class='ocrx_word' id='word_1_163' title='bbox 301 2292 412 2349; x_wconf 84' lang='lat' dir='ltr'><strong>octavo</strong></span> <span class='ocrx_word' id='word_1_164' title='bbox 427 2280 727 2357; x_wconf 73' lang='lat' dir='ltr'><strong>Novembrielsm,</strong></span> <span class='ocrx_word' id='word_1_165' title='bbox 749 2277 914 2343; x_wconf 87' lang='lat' dir='ltr'><strong>lustrando</strong></span> <span class='ocrx_word' id='word_1_166' title='bbox 927 2276 1017 2341; x_wconf 85' lang='lat' dir='ltr'><strong>illam</strong></span> <span class='ocrx_word' id='word_1_167' title='bbox 1028 2276 1102 2341; x_wconf 85' lang='lat' dir='ltr'><strong>coeli</strong></span> <span class='ocrx_word' id='word_1_168' title='bbox 1120 2287 1242 2359; x_wconf 82' lang='lat' dir='ltr'><strong>partem</strong></span> <span class='ocrx_word' id='word_1_169' title='bbox 1251 2285 1345 2338; x_wconf 84' lang='lat' dir='ltr'><strong>nocte</strong></span> <span class='ocrx_word' id='word_1_170' title='bbox 1358 2296 1457 2345; x_wconf 65' lang='lat' dir='ltr'><strong>seren</strong></span> 
     </span>
     <span class='ocr_line' id='line_1_25' title="bbox 145 2384 1442 2486; baseline -0.005 -31"><span class='ocrx_word' id='word_1_171' title='bbox 145 2390 188 2455; x_wconf 81' lang='lat' dir='ltr'><strong>mi</strong></span> <span class='ocrx_word' id='word_1_172' title='bbox 214 2388 341 2456; x_wconf 76' lang='lat' dir='ltr'><strong>minime</strong></span> <span class='ocrx_word' id='word_1_173' title='bbox 365 2390 444 2459; x_wconf 79' lang='lat' dir='ltr'><strong>vidit</strong></span> <span class='ocrx_word' id='word_1_174' title='bbox 451 2414 461 2465; x_wconf 86' lang='lat'>3</span> <span class='ocrx_word' id='word_1_175' title='bbox 493 2400 525 2453; x_wconf 85' lang='lat' dir='ltr'><strong>at</strong></span> <span class='ocrx_word' id='word_1_176' title='bbox 548 2398 645 2453; x_wconf 64' lang='lat' dir='ltr'><strong>nocte,</strong></span> <span class='ocrx_word' id='word_1_177' title='bbox 663 2386 809 2486; x_wconf 74' lang='lat' dir='ltr'><strong>proximi</strong></span> <span class='ocrx_word' id='word_1_178' title='bbox 837 2386 1007 2471; x_wconf 73' lang='lat' dir='ltr'><strong>(Nouendn</strong></span> <span class='ocrx_word' id='word_1_179' title='bbox 1031 2386 1081 2470; x_wconf 69' lang='lat'><strong>9.)</strong></span> <span class='ocrx_word' id='word_1_180' title='bbox 1098 2384 1177 2449; x_wconf 78' lang='lat' dir='ltr'><strong>uidit</strong></span> <span class='ocrx_word' id='word_1_181' title='bbox 1201 2384 1273 2450; x_wconf 73' lang='lat' dir='ltr'><strong>fixis</strong></span> <span class='ocrx_word' id='word_1_182' title='bbox 1296 2384 1442 2449; x_wconf 81' lang='lat' dir='ltr'><strong>omnibus</strong></span> 
     </span>
    </p>
   </div>
   <div class='ocr_carea' id='block_1_16' title="bbox 122 2491 1442 2583">
    <p class='ocr_par' dir='ltr' id='par_1_16' title="bbox 122 2491 1442 2583">
     <span class='ocr_line' id='line_1_26' title="bbox 122 2491 1442 2583; baseline -0.005 -18"><span class='ocrx_word' id='word_1_183' title='bbox 122 2512 126 2515; x_wconf 85' lang='grc'><strong>’</strong></span> <span class='ocrx_word' id='word_1_184' title='bbox 147 2498 406 2583; x_wconf 77' lang='lat' dir='ltr'><strong>splendidiorem,</strong></span> <span class='ocrx_word' id='word_1_185' title='bbox 423 2511 456 2563; x_wconf 89' lang='lat' dir='ltr'><strong>et</strong></span> <span class='ocrx_word' id='word_1_186' title='bbox 469 2498 539 2563; x_wconf 83' lang='lat' dir='ltr'><strong>luce</strong></span> <span class='ocrx_word' id='word_1_187' title='bbox 555 2491 611 2561; x_wconf 82' lang='lat' dir='ltr'><strong>&#39;sut</strong></span> <span class='ocrx_word' id='word_1_188' title='bbox 625 2497 679 2561; x_wconf 82' lang='lat' dir='ltr'><strong>rix</strong></span> <span class='ocrx_word' id='word_1_189' title='bbox 693 2496 858 2561; x_wconf 72' lang='lat' dir='ltr'><strong>cedentem</strong></span> <span class='ocrx_word' id='word_1_190' title='bbox 873 2496 1003 2561; x_wconf 83' lang='lat' dir='ltr'><strong>Veneri.</strong></span> <span class='ocrx_word' id='word_1_191' title='bbox 1047 2495 1144 2561; x_wconf 81' lang='lat' dir='ltr'><strong>Hanc</strong></span> <span class='ocrx_word' id='word_1_192' title='bbox 1159 2494 1272 2580; x_wconf 89' lang='lat' dir='ltr'><strong>Tycho</strong></span> <span class='ocrx_word' id='word_1_193' title='bbox 1288 2493 1442 2559; x_wconf 86' lang='lat' dir='ltr'><strong>Brahaeus</strong></span> 
     </span>
    </p>
   </div>
   <div class='ocr_carea' id='block_1_17' title="bbox 144 2604 1442 2797">
    <p class='ocr_par' dir='ltr' id='par_1_17' title="bbox 144 2604 1442 2797">
     <span class='ocr_line' id='line_1_27' title="bbox 145 2604 1442 2690; baseline -0.005 -18"><span class='ocrx_word' id='word_1_194' title='bbox 145 2606 226 2673; x_wconf 83' lang='lat' dir='ltr'><strong>vidit</strong></span> <span class='ocrx_word' id='word_1_195' title='bbox 242 2606 409 2673; x_wconf 86' lang='lat' dir='ltr'><strong>undecimo</strong></span> <span class='ocrx_word' id='word_1_196' title='bbox 423 2604 562 2690; x_wconf 71' lang='lat' dir='ltr'><strong>ejusdem</strong></span> <span class='ocrx_word' id='word_1_197' title='bbox 577 2606 693 2669; x_wconf 86' lang='lat' dir='ltr'><strong>mensis</strong></span> <span class='ocrx_word' id='word_1_198' title='bbox 708 2604 765 2669; x_wconf 89' lang='lat' dir='ltr'><strong>nbi</strong></span> <span class='ocrx_word' id='word_1_199' title='bbox 784 2604 922 2670; x_wconf 72' lang='lat' dir='ltr'><strong>maxime</strong></span> <span class='ocrx_word' id='word_1_200' title='bbox 936 2604 1116 2689; x_wconf 82' lang='lat' dir='ltr'><strong>splenduit3</strong></span> <span class='ocrx_word' id='word_1_201' title='bbox 1138 2617 1225 2667; x_wconf 85' lang='lat' dir='ltr'><strong>etex</strong></span> <span class='ocrx_word' id='word_1_202' title='bbox 1240 2626 1279 2672; x_wconf 87' lang='lat' dir='ltr'><strong>co</strong></span> <span class='ocrx_word' id='word_1_203' title='bbox 1300 2617 1442 2688; x_wconf 91' lang='lat' dir='ltr'><strong>tempore</strong></span> 
     </span>
     <span class='ocr_line' id='line_1_28' title="bbox 144 2711 1442 2797; baseline -0.003 -19"><span class='ocrx_word' id='word_1_204' title='bbox 144 2713 298 2797; x_wconf 75' lang='lat' dir='ltr'><strong>pausam</strong></span> <span class='ocrx_word' id='word_1_205' title='bbox 312 2712 543 2778; x_wconf 82' lang='lat' dir='ltr'><strong>decrescentem</strong></span> <span class='ocrx_word' id='word_1_206' title='bbox 558 2722 590 2775; x_wconf 90' lang='lat' dir='ltr'><strong>et</strong></span> <span class='ocrx_word' id='word_1_207' title='bbox 604 2711 870 2796; x_wconf 80' lang='lat' dir='ltr'><strong>spatiamensium</strong></span> <span class='ocrx_word' id='word_1_208' title='bbox 881 2711 1040 2775; x_wconf 81' lang='lat' dir='ltr'><strong>sexdecim</strong></span> <span class='ocrx_word' id='word_1_209' title='bbox 1051 2722 1286 2776; x_wconf 82' lang='lat' dir='ltr'><strong>evanescentem</strong></span> <span class='ocrx_word' id='word_1_210' title='bbox 1294 2712 1442 2775; x_wconf 83' lang='lat' dir='ltr'><strong>observa·</strong></span> 
     </span>
    </p>
   </div>
   <div class='ocr_carea' id='block_1_18' title="bbox 144 2815 1440 3012">
    <p class='ocr_par' dir='ltr' id='par_1_18' title="bbox 144 2815 1440 3012">
     <span class='ocr_line' id='line_1_29' title="bbox 144 2815 1440 2905; baseline 0 -23"><span class='ocrx_word' id='word_1_211' title='bbox 144 2820 201 2884; x_wconf 79' lang='lat' dir='ltr'><strong>rit.</strong></span> <span class='ocrx_word' id='word_1_212' title='bbox 233 2818 347 2886; x_wconf 83' lang='lat' dir='ltr'><strong>Mense</strong></span> <span class='ocrx_word' id='word_1_213' title='bbox 362 2818 546 2901; x_wconf 87' lang='lat' dir='ltr'><strong>Novembri,</strong></span> <span class='ocrx_word' id='word_1_214' title='bbox 563 2818 618 2884; x_wconf 87' lang='lat' dir='ltr'><strong>nbi</strong></span> <span class='ocrx_word' id='word_1_215' title='bbox 633 2815 770 2904; x_wconf 77' lang='lat' dir='ltr'><strong>primitur</strong></span> <span class='ocrx_word' id='word_1_216' title='bbox 785 2818 1115 2904; x_wconf 62' lang='lat' dir='ltr'><strong>apparueveuerem</strong></span> <span class='ocrx_word' id='word_1_217' title='bbox 1128 2817 1200 2882; x_wconf 85' lang='lat' dir='ltr'><strong>luce</strong></span> <span class='ocrx_word' id='word_1_218' title='bbox 1214 2816 1271 2882; x_wconf 79' lang='lat' dir='ltr'><strong>susi</strong></span> <span class='ocrx_word' id='word_1_219' title='bbox 1285 2818 1440 2905; x_wconf 82' lang='lat' dir='ltr'><strong>aequabat.</strong></span> 
     </span>
     <span class='ocr_line' id='line_1_30' title="bbox 146 2923 1440 3012; baseline -0.002 -22"><span class='ocrx_word' id='word_1_220' title='bbox 146 2925 266 2990; x_wconf 88' lang='lat' dir='ltr'><strong>Mense</strong></span> <span class='ocrx_word' id='word_1_221' title='bbox 287 2925 461 2995; x_wconf 81' lang='lat' dir='ltr'><strong>Decembri</strong></span> <span class='ocrx_word' id='word_1_222' title='bbox 481 2923 627 3004; x_wconf 85' lang='lat' dir='ltr'><strong>nonnihil</strong></span> <span class='ocrx_word' id='word_1_223' title='bbox 652 2925 806 2993; x_wconf 77' lang='lat' dir='ltr'><strong>dimmuta</strong></span> <span class='ocrx_word' id='word_1_224' title='bbox 830 2925 946 2994; x_wconf 87' lang='lat' dir='ltr'><strong>Jovem</strong></span> <span class='ocrx_word' id='word_1_225' title='bbox 968 2946 1095 3012; x_wconf 78' lang='lat' dir='ltr'><strong>sequare</strong></span> <span class='ocrx_word' id='word_1_226' title='bbox 1119 2923 1294 2990; x_wconf 82' lang='lat' dir='ltr'><strong>ridebatur.</strong></span> <span class='ocrx_word' id='word_1_227' title='bbox 1342 2926 1440 2990; x_wconf 88' lang='lat' dir='ltr'><strong>Anno</strong></span> 
     </span>
    </p>
   </div>
   <div class='ocr_carea' id='block_1_19' title="bbox 142 3114 1441 3244">
    <p class='ocr_par' dir='ltr' id='par_1_19' title="bbox 142 3114 1441 3244">
     <span class='ocr_line' id='line_1_31' title="bbox 178 3114 1441 3194; baseline -0.002 -28"><span class='ocrx_word' id='word_1_228' title='bbox 178 3117 276 3194; x_wconf 73' lang='lat'>(²)174.</span> <span class='ocrx_word' id='word_1_229' title='bbox 289 3120 348 3167; x_wconf 68' lang='lat' dir='ltr'><strong>llSic</strong></span> <span class='ocrx_word' id='word_1_230' title='bbox 358 3121 429 3168; x_wconf 85' lang='lat' dir='ltr'><strong>ctiam</strong></span> <span class='ocrx_word' id='word_1_231' title='bbox 439 3121 576 3186; x_wconf 72' lang='lat' dir='ltr'><strong>eelkrfirae.</strong></span> <span class='ocrx_word' id='word_1_232' title='bbox 607 3118 648 3166; x_wconf 89' lang='lat' dir='ltr'><strong>De</strong></span> <span class='ocrx_word' id='word_1_233' title='bbox 658 3117 777 3165; x_wconf 81' lang='lat' dir='ltr'><strong>stellarum</strong></span> <span class='ocrx_word' id='word_1_234' title='bbox 809 3114 1032 3192; x_wconf 33' lang='lat' dir='ltr'><strong>siponamnsocircd</strong></span> <span class='ocrx_word' id='word_1_235' title='bbox 1045 3115 1141 3192; x_wconf 43' lang='lat' dir='ltr'><strong>atellam.</strong></span> <span class='ocrx_word' id='word_1_236' title='bbox 1150 3130 1305 3192; x_wconf 72' lang='lat' dir='ltr'><strong>compressam</strong></span> <span class='ocrx_word' id='word_1_237' title='bbox 1322 3115 1441 3192; x_wconf 69' lang='lat' dir='ltr'><strong>revolvere</strong></span> 
     </span>
     <span class='ocr_line' id='line_1_32' title="bbox 142 3179 1440 3244; baseline -0.003 -14"><span class='ocrx_word' id='word_1_238' title='bbox 142 3182 311 3230; x_wconf 81' lang='lat' dir='ltr'><strong>remotionibus</strong></span> <span class='ocrx_word' id='word_1_239' title='bbox 326 3181 441 3230; x_wconf 81' lang='lat' dir='ltr'><strong>nonnulla</strong></span> <span class='ocrx_word' id='word_1_240' title='bbox 456 3184 495 3230; x_wconf 89' lang='lat' dir='ltr'><strong>hic</strong></span> <span class='ocrx_word' id='word_1_241' title='bbox 505 3182 629 3230; x_wconf 84' lang='lat' dir='ltr'><strong>afferemus</strong></span> <span class='ocrx_word' id='word_1_242' title='bbox 639 3197 692 3244; x_wconf 86' lang='lat' dir='ltr'><strong>qnae</strong></span> <span class='ocrx_word' id='word_1_243' title='bbox 708 3183 778 3230; x_wconf 87' lang='lat' dir='ltr'><strong>habet</strong></span> <span class='ocrx_word' id='word_1_244' title='bbox 808 3181 929 3242; x_wconf 73' lang='lat' dir='ltr'><strong>planetam</strong></span> <span class='ocrx_word' id='word_1_245' title='bbox 937 3181 1040 3244; x_wconf 82' lang='lat' dir='ltr'><strong>uqunnm</strong></span> <span class='ocrx_word' id='word_1_246' title='bbox 1051 3189 1154 3244; x_wconf 75' lang='lat' dir='ltr'><strong>ingentis</strong></span> <span class='ocrx_word' id='word_1_247' title='bbox 1164 3179 1281 3227; x_wconf 88' lang='lat' dir='ltr'><strong>molrsaut</strong></span> <span class='ocrx_word' id='word_1_248' title='bbox 1288 3189 1403 3228; x_wconf 77' lang='lat' dir='ltr'><strong>cornemm</strong></span> <span class='ocrx_word' id='word_1_249' title='bbox 1413 3194 1440 3226; x_wconf 89' lang='lat' dir='ltr'><strong>rn</strong></span> 
     </span>
    </p>
   </div>
   <div class='ocr_carea' id='block_1_20' title="bbox 107 3243 1440 3306">
    <p class='ocr_par' dir='ltr' id='par_1_20' title="bbox 107 3243 1440 3306">
     <span class='ocr_line' id='line_1_33' title="bbox 107 3243 1440 3306; baseline -0.005 -10"><span class='ocrx_word' id='word_1_250' title='bbox 107 3289 108 3298; x_wconf 70' lang='grc'>,</span> <span class='ocrx_word' id='word_1_251' title='bbox 144 3246 231 3296; x_wconf 77' lang='lat' dir='ltr'><strong>clariss</strong></span> <span class='ocrx_word' id='word_1_252' title='bbox 248 3247 280 3294; x_wconf 89' lang='lat' dir='ltr'><strong>D.</strong></span> <span class='ocrx_word' id='word_1_253' title='bbox 291 3246 321 3292; x_wconf 88' lang='lat' dir='ltr'><strong>de</strong></span> <span class='ocrx_word' id='word_1_254' title='bbox 333 3247 609 3306; x_wconf 82' lang='lat' dir='ltr'><strong>Maupertuisineximio</strong></span> <span class='ocrx_word' id='word_1_255' title='bbox 619 3246 780 3306; x_wconf 84' lang='lat' dir='ltr'><strong>Opusculode</strong></span> <span class='ocrx_word' id='word_1_256' title='bbox 810 3244 887 3294; x_wconf 79' lang='lat' dir='ltr'><strong>orbiti</strong></span> <span class='ocrx_word' id='word_1_257' title='bbox 901 3244 969 3295; x_wconf 78' lang='lat' dir='ltr'><strong>valde</strong></span> <span class='ocrx_word' id='word_1_258' title='bbox 984 3244 1115 3292; x_wconf 76' lang='lat' dir='ltr'><strong>excentried</strong></span> <span class='ocrx_word' id='word_1_259' title='bbox 1130 3244 1194 3293; x_wconf 80' lang='lat' dir='ltr'><strong>etad</strong></span> <span class='ocrx_word' id='word_1_260' title='bbox 1210 3255 1351 3306; x_wconf 81' lang='lat' dir='ltr'><strong>sequamrem</strong></span> <span class='ocrx_word' id='word_1_261' title='bbox 1366 3243 1440 3291; x_wconf 73' lang='lat' dir='ltr'><strong>stelle</strong></span> 
     </span>
    </p>
   </div>
   <div class='ocr_carea' id='block_1_21' title="bbox 143 3302 1475 4270">
    <p class='ocr_par' dir='ltr' id='par_1_21' title="bbox 143 3302 1475 4270">
     <span class='ocr_line' id='line_1_34' title="bbox 146 3302 1440 3372; baseline -0.004 -14"><span class='ocrx_word' id='word_1_262' title='bbox 146 3310 243 3372; x_wconf 79' lang='lat' dir='ltr'><strong>Figuris</strong></span> <span class='ocrx_word' id='word_1_263' title='bbox 262 3313 385 3356; x_wconf 83' lang='lat' dir='ltr'><strong>Astrorum</strong></span> <span class='ocrx_word' id='word_1_264' title='bbox 402 3319 426 3357; x_wconf 89' lang='lat' dir='ltr'><strong>et</strong></span> <span class='ocrx_word' id='word_1_265' title='bbox 442 3311 467 3356; x_wconf 91' lang='lat' dir='ltr'><strong>in</strong></span> <span class='ocrx_word' id='word_1_266' title='bbox 484 3311 553 3358; x_wconf 80' lang='lat' dir='ltr'><strong>Mon·</strong></span> <span class='ocrx_word' id='word_1_267' title='bbox 566 3307 639 3358; x_wconf 84' lang='lat' dir='ltr'><strong>Paris.</strong></span> <span class='ocrx_word' id='word_1_268' title='bbox 657 3315 776 3358; x_wconf 52' lang='lat' dir='ltr'><strong>an.&#39;1734.</strong></span> <span class='ocrx_word' id='word_1_269' title='bbox 811 3309 937 3366; x_wconf 75' lang='lat' dir='ltr'><strong>inclinata3</strong></span> <span class='ocrx_word' id='word_1_270' title='bbox 961 3309 987 3355; x_wconf 91' lang='lat' dir='ltr'><strong>in</strong></span> <span class='ocrx_word' id='word_1_271' title='bbox 1006 3308 1050 3356; x_wconf 79' lang='lat' dir='ltr'><strong>bic</strong></span> <span class='ocrx_word' id='word_1_272' title='bbox 1066 3302 1277 3370; x_wconf 55' lang='lat' dir='ltr'><strong>enim&#39;hypotlresi,</strong></span> <span class='ocrx_word' id='word_1_273' title='bbox 1298 3310 1392 3368; x_wconf 87' lang='lat' dir='ltr'><strong>planeta</strong></span> <span class='ocrx_word' id='word_1_274' title='bbox 1409 3306 1440 3354; x_wconf 90' lang='lat' dir='ltr'><strong>ad</strong></span> 
     </span>
     <span class='ocr_line' id='line_1_35' title="bbox 145 3366 1475 3436; baseline -0.003 -15"><span class='ocrx_word' id='word_1_275' title='bbox 145 3375 224 3428; x_wconf 77' lang='lat' dir='ltr'><strong>Fixus,</strong></span> <span class='ocrx_word' id='word_1_276' title='bbox 242 3383 368 3435; x_wconf 87' lang='lat' dir='ltr'><strong>quaesunt</strong></span> <span class='ocrx_word' id='word_1_277' title='bbox 386 3373 484 3421; x_wconf 89' lang='lat' dir='ltr'><strong>totidem</strong></span> <span class='ocrx_word' id='word_1_278' title='bbox 505 3374 576 3430; x_wconf 81' lang='lat' dir='ltr'><strong>Soles,</strong></span> <span class='ocrx_word' id='word_1_279' title='bbox 596 3374 665 3421; x_wconf 86' lang='lat' dir='ltr'><strong>variis</strong></span> <span class='ocrx_word' id='word_1_280' title='bbox 678 3374 775 3422; x_wconf 83' lang='lat' dir='ltr'><strong>donatas</strong></span> <span class='ocrx_word' id='word_1_281' title='bbox 807 3371 1440 3436; x_wconf 73' lang='lat' dir='ltr'><strong>peribelinmsuumaccedensjnxtiattractionisleges</strong></span> <span class='ocrx_word' id='word_1_282' title='bbox 1469 3366 1475 3374; x_wconf 73' lang='grc'><strong>“</strong></span> 
     </span>
     <span class='ocr_line' id='line_1_36' title="bbox 143 3435 1439 3500; baseline -0.003 -16"><span class='ocrx_word' id='word_1_283' title='bbox 143 3453 195 3484; x_wconf 87' lang='lat' dir='ltr'><strong>esse</strong></span> <span class='ocrx_word' id='word_1_284' title='bbox 210 3437 290 3500; x_wconf 89' lang='lat' dir='ltr'><strong>figuris</strong></span> <span class='ocrx_word' id='word_1_285' title='bbox 306 3447 329 3484; x_wconf 90' lang='lat' dir='ltr'><strong>et</strong></span> <span class='ocrx_word' id='word_1_286' title='bbox 340 3453 372 3498; x_wconf 84' lang='lat' dir='ltr'><strong>err¹</strong></span> <span class='ocrx_word' id='word_1_287' title='bbox 383 3438 412 3484; x_wconf 89' lang='lat' dir='ltr'><strong>iis</strong></span> <span class='ocrx_word' id='word_1_288' title='bbox 423 3437 512 3500; x_wconf 84' lang='lat' dir='ltr'><strong>aliquas</strong></span> <span class='ocrx_word' id='word_1_289' title='bbox 523 3438 553 3486; x_wconf 89' lang='lat' dir='ltr'><strong>ed</strong></span> <span class='ocrx_word' id='word_1_290' title='bbox 563 3437 665 3500; x_wconf 82' lang='lat' dir='ltr'><strong>figuram</strong></span> <span class='ocrx_word' id='word_1_291' title='bbox 680 3437 775 3498; x_wconf 88' lang='lat' dir='ltr'><strong>planam</strong></span> <span class='ocrx_word' id='word_1_292' title='bbox 806 3438 982 3485; x_wconf 83' lang='lat' dir='ltr'><strong>inclinationem</strong></span> <span class='ocrx_word' id='word_1_293' title='bbox 990 3437 1044 3484; x_wconf 83' lang='lat' dir='ltr'><strong>firae</strong></span> <span class='ocrx_word' id='word_1_294' title='bbox 1051 3437 1127 3498; x_wconf 79' lang='lat' dir='ltr'><strong>planae</strong></span> <span class='ocrx_word' id='word_1_295' title='bbox 1135 3437 1284 3497; x_wconf 75' lang='lat' dir='ltr'><strong>perturbabit,</strong></span> <span class='ocrx_word' id='word_1_296' title='bbox 1291 3444 1316 3482; x_wconf 91' lang='lat' dir='ltr'><strong>et</strong></span> <span class='ocrx_word' id='word_1_297' title='bbox 1325 3436 1380 3482; x_wconf 88' lang='lat' dir='ltr'><strong>hinc</strong></span> <span class='ocrx_word' id='word_1_298' title='bbox 1387 3435 1439 3482; x_wconf 85' lang='lat' dir='ltr'><strong>fieri</strong></span> 
     </span>
     <span class='ocr_line' id='line_1_37' title="bbox 144 3500 1436 3564; baseline -0.002 -16"><span class='ocrx_word' id='word_1_299' title='bbox 144 3501 182 3548; x_wconf 86' lang='lat' dir='ltr'><strong>vel</strong></span> <span class='ocrx_word' id='word_1_300' title='bbox 201 3501 321 3560; x_wconf 86' lang='lat' dir='ltr'><strong>planitiem</strong></span> <span class='ocrx_word' id='word_1_301' title='bbox 339 3501 448 3548; x_wconf 89' lang='lat' dir='ltr'><strong>accedere</strong></span> <span class='ocrx_word' id='word_1_302' title='bbox 463 3517 511 3549; x_wconf 89' lang='lat' dir='ltr'><strong>non</strong></span> <span class='ocrx_word' id='word_1_303' title='bbox 527 3510 649 3564; x_wconf 84' lang='lat' dir='ltr'><strong>repugnat.</strong></span> <span class='ocrx_word' id='word_1_304' title='bbox 685 3503 750 3549; x_wconf 82' lang='lat' dir='ltr'><strong>Nam</strong></span> <span class='ocrx_word' id='word_1_305' title='bbox 761 3518 777 3549; x_wconf 82' lang='lat' dir='ltr'><strong>e</strong></span> <span class='ocrx_word' id='word_1_306' title='bbox 806 3502 935 3562; x_wconf 75' lang='lat' dir='ltr'><strong>poteritne</strong></span> <span class='ocrx_word' id='word_1_307' title='bbox 950 3509 1040 3560; x_wconf 82' lang='lat' dir='ltr'><strong>partem</strong></span> <span class='ocrx_word' id='word_1_308' title='bbox 1050 3501 1153 3548; x_wconf 87' lang='lat' dir='ltr'><strong>lucidum</strong></span> <span class='ocrx_word' id='word_1_309' title='bbox 1163 3501 1219 3547; x_wconf 86' lang='lat' dir='ltr'><strong>disci</strong></span> <span class='ocrx_word' id='word_1_310' title='bbox 1235 3500 1303 3547; x_wconf 87' lang='lat' dir='ltr'><strong>nobis</strong></span> <span class='ocrx_word' id='word_1_311' title='bbox 1317 3501 1436 3546; x_wconf 83' lang='lat' dir='ltr'><strong>obversam</strong></span> 
     </span>
     <span class='ocr_line' id='line_1_38' title="bbox 144 3563 1439 3627; baseline -0.003 -15"><span class='ocrx_word' id='word_1_312' title='bbox 144 3565 274 3624; x_wconf 78' lang='lat' dir='ltr'><strong>sphaeroide</strong></span> <span class='ocrx_word' id='word_1_313' title='bbox 285 3566 452 3626; x_wconf 87' lang='lat' dir='ltr'><strong>propemodum</strong></span> <span class='ocrx_word' id='word_1_314' title='bbox 463 3567 575 3626; x_wconf 74' lang='lat' dir='ltr'><strong>sphaerico</strong></span> <span class='ocrx_word' id='word_1_315' title='bbox 585 3581 626 3627; x_wconf 89' lang='lat' dir='ltr'><strong>per</strong></span> <span class='ocrx_word' id='word_1_316' title='bbox 640 3566 776 3613; x_wconf 83' lang='lat' dir='ltr'><strong>innumeros</strong></span> <span class='ocrx_word' id='word_1_317' title='bbox 807 3566 985 3626; x_wconf 85' lang='lat' dir='ltr'><strong>conspiciamus,</strong></span> <span class='ocrx_word' id='word_1_318' title='bbox 995 3581 1049 3626; x_wconf 81' lang='lat' dir='ltr'><strong>quae</strong></span> <span class='ocrx_word' id='word_1_319' title='bbox 1059 3568 1091 3612; x_wconf 93' lang='lat' dir='ltr'><strong>ob</strong></span> <span class='ocrx_word' id='word_1_320' title='bbox 1101 3565 1211 3626; x_wconf 83' lang='lat' dir='ltr'><strong>exiguam</strong></span> <span class='ocrx_word' id='word_1_321' title='bbox 1226 3564 1304 3611; x_wconf 85' lang='lat' dir='ltr'><strong>lateris</strong></span> <span class='ocrx_word' id='word_1_322' title='bbox 1314 3563 1439 3623; x_wconf 83' lang='lat' dir='ltr'><strong>compressi</strong></span> 
     </span>
     <span class='ocr_line' id='line_1_39' title="bbox 144 3627 1438 3691; baseline -0.002 -17"><span class='ocrx_word' id='word_1_323' title='bbox 144 3628 233 3691; x_wconf 79' lang='lat' dir='ltr'><strong>gradus</strong></span> <span class='ocrx_word' id='word_1_324' title='bbox 244 3629 396 3688; x_wconf 84' lang='lat' dir='ltr'><strong>depressionis</strong></span> <span class='ocrx_word' id='word_1_325' title='bbox 406 3645 485 3676; x_wconf 87' lang='lat' dir='ltr'><strong>versus</strong></span> <span class='ocrx_word' id='word_1_326' title='bbox 500 3631 566 3691; x_wconf 88' lang='lat' dir='ltr'><strong>polos</strong></span> <span class='ocrx_word' id='word_1_327' title='bbox 577 3629 670 3688; x_wconf 80' lang='lat' dir='ltr'><strong>tandem</strong></span> <span class='ocrx_word' id='word_1_328' title='bbox 682 3630 777 3678; x_wconf 86' lang='lat' dir='ltr'><strong>deveni·</strong></span> <span class='ocrx_word' id='word_1_329' title='bbox 811 3629 937 3676; x_wconf 81' lang='lat' dir='ltr'><strong>crassitiem</strong></span> <span class='ocrx_word' id='word_1_330' title='bbox 953 3629 1035 3676; x_wconf 89' lang='lat' dir='ltr'><strong>oculos</strong></span> <span class='ocrx_word' id='word_1_331' title='bbox 1044 3638 1136 3675; x_wconf 89' lang='lat' dir='ltr'><strong>nostros</strong></span> <span class='ocrx_word' id='word_1_332' title='bbox 1145 3629 1214 3675; x_wconf 79' lang='lat' dir='ltr'><strong>antei</strong></span> <span class='ocrx_word' id='word_1_333' title='bbox 1229 3627 1364 3690; x_wconf 81' lang='lat' dir='ltr'><strong>effugiebat.</strong></span> <span class='ocrx_word' id='word_1_334' title='bbox 1399 3627 1438 3672; x_wconf 85' lang='lat' dir='ltr'><strong>Ex</strong></span> 
     </span>
     <span class='ocr_line' id='line_1_40' title="bbox 144 3689 1439 3757; baseline -0.003 -17"><span class='ocrx_word' id='word_1_335' title='bbox 144 3703 185 3741; x_wconf 90' lang='lat' dir='ltr'><strong>tur</strong></span> <span class='ocrx_word' id='word_1_336' title='bbox 201 3692 232 3740; x_wconf 88' lang='lat' dir='ltr'><strong>a&#39;d</strong></span> <span class='ocrx_word' id='word_1_337' title='bbox 251 3693 348 3753; x_wconf 86' lang='lat' dir='ltr'><strong>planum</strong></span> <span class='ocrx_word' id='word_1_338' title='bbox 368 3692 488 3751; x_wconf 76' lang='lat' dir='ltr'><strong>circulare,</strong></span> <span class='ocrx_word' id='word_1_339' title='bbox 506 3694 526 3740; x_wconf 90' lang='lat' dir='ltr'><strong>si</strong></span> <span class='ocrx_word' id='word_1_340' title='bbox 546 3692 659 3741; x_wconf 82' lang='lat' dir='ltr'><strong>eontinud</strong></span> <span class='ocrx_word' id='word_1_341' title='bbox 677 3695 778 3740; x_wconf 85' lang='lat' dir='ltr'><strong>varietur</strong></span> <span class='ocrx_word' id='word_1_342' title='bbox 809 3694 950 3757; x_wconf 83' lang='lat' dir='ltr'><strong>hisquoqne</strong></span> <span class='ocrx_word' id='word_1_343' title='bbox 959 3692 1100 3755; x_wconf 80' lang='lat' dir='ltr'><strong>intelligitur</strong></span> <span class='ocrx_word' id='word_1_344' title='bbox 1109 3693 1277 3752; x_wconf 83' lang='lat' dir='ltr'><strong>fieripossent</strong></span> <span class='ocrx_word' id='word_1_345' title='bbox 1288 3689 1349 3738; x_wconf 79' lang='lat' dir='ltr'><strong>etrct</strong></span> <span class='ocrx_word' id='word_1_346' title='bbox 1358 3691 1439 3750; x_wconf 84' lang='lat' dir='ltr'><strong>plane·</strong></span> 
     </span>
     <span class='ocr_line' id='line_1_41' title="bbox 144 3753 1438 3822; baseline -0.003 -19"><span class='ocrx_word' id='word_1_347' title='bbox 144 3756 205 3803; x_wconf 83' lang='lat' dir='ltr'><strong>ratio</strong></span> <span class='ocrx_word' id='word_1_348' title='bbox 218 3757 252 3804; x_wconf 86' lang='lat' dir='ltr'><strong>vis</strong></span> <span class='ocrx_word' id='word_1_349' title='bbox 265 3757 403 3820; x_wconf 81' lang='lat' dir='ltr'><strong>centrifugae</strong></span> <span class='ocrx_word' id='word_1_350' title='bbox 421 3757 451 3805; x_wconf 91' lang='lat' dir='ltr'><strong>ad</strong></span> <span class='ocrx_word' id='word_1_351' title='bbox 469 3758 614 3822; x_wconf 76' lang='lat' dir='ltr'><strong>gravitatem,</strong></span> <span class='ocrx_word' id='word_1_352' title='bbox 629 3767 657 3806; x_wconf 89' lang='lat' dir='ltr'><strong>ut</strong></span> <span class='ocrx_word' id='word_1_353' title='bbox 671 3767 735 3819; x_wconf 89' lang='lat' dir='ltr'><strong>patet</strong></span> <span class='ocrx_word' id='word_1_354' title='bbox 749 3773 778 3804; x_wconf 87' lang='lat' dir='ltr'><strong>ex</strong></span> <span class='ocrx_word' id='word_1_355' title='bbox 809 3767 859 3804; x_wconf 82' lang='lat' dir='ltr'><strong>tam</strong></span> <span class='ocrx_word' id='word_1_356' title='bbox 870 3767 1026 3821; x_wconf 80' lang='lat' dir='ltr'><strong>congregetur</strong></span> <span class='ocrx_word' id='word_1_357' title='bbox 1035 3755 1139 3803; x_wconf 88' lang='lat' dir='ltr'><strong>annulus</strong></span> <span class='ocrx_word' id='word_1_358' title='bbox 1151 3756 1245 3803; x_wconf 80' lang='lat' dir='ltr'><strong>Saturni</strong></span> <span class='ocrx_word' id='word_1_359' title='bbox 1251 3753 1340 3802; x_wconf 79' lang='lat' dir='ltr'><strong>arinulo</strong></span> <span class='ocrx_word' id='word_1_360' title='bbox 1348 3755 1438 3808; x_wconf 81' lang='lat' dir='ltr'><strong>similis,</strong></span> 
     </span>
     <span class='ocr_line' id='line_1_42' title="bbox 144 3818 1439 3884; baseline -0.002 -18"><span class='ocrx_word' id='word_1_361' title='bbox 144 3835 212 3867; x_wconf 89' lang='lat' dir='ltr'><strong>num.</strong></span> <span class='ocrx_word' id='word_1_362' title='bbox 227 3824 266 3868; x_wconf 81' lang='lat'><strong>56.</strong></span> <span class='ocrx_word' id='word_1_363' title='bbox 301 3819 353 3866; x_wconf 42' lang='lat' dir='ltr'><strong>His,</strong></span> <span class='ocrx_word' id='word_1_364' title='bbox 368 3821 455 3880; x_wconf 86' lang='lat' dir='ltr'><strong>positis,</strong></span> <span class='ocrx_word' id='word_1_365' title='bbox 473 3823 533 3870; x_wconf 87' lang='lat' dir='ltr'><strong>ratio</strong></span> <span class='ocrx_word' id='word_1_366' title='bbox 551 3821 617 3870; x_wconf 86' lang='lat' dir='ltr'><strong>reddi</strong></span> <span class='ocrx_word' id='word_1_367' title='bbox 636 3823 720 3882; x_wconf 84' lang='lat' dir='ltr'><strong>poterit</strong></span> <span class='ocrx_word' id='word_1_368' title='bbox 736 3837 780 3870; x_wconf 88' lang='lat' dir='ltr'><strong>cur</strong></span> <span class='ocrx_word' id='word_1_369' title='bbox 809 3818 1439 3884; x_wconf 78' lang='lat' dir='ltr'><strong>einempecometacnjnscaudaexvapnrtbnstenuis-</strong></span> 
     </span>
     <span class='ocr_line' id='line_1_43' title="bbox 145 3882 1438 3948; baseline -0.002 -18"><span class='ocrx_word' id='word_1_370' title='bbox 145 3884 200 3932; x_wconf 83' lang='lat' dir='ltr'><strong>lixae</strong></span> <span class='ocrx_word' id='word_1_371' title='bbox 210 3883 320 3946; x_wconf 80' lang='lat' dir='ltr'><strong>quaedam</strong></span> <span class='ocrx_word' id='word_1_372' title='bbox 329 3899 392 3930; x_wconf 89' lang='lat' dir='ltr'><strong>nunc</strong></span> <span class='ocrx_word' id='word_1_373' title='bbox 403 3896 536 3948; x_wconf 79' lang='lat' dir='ltr'><strong>appareant,</strong></span> <span class='ocrx_word' id='word_1_374' title='bbox 553 3902 618 3934; x_wconf 87' lang='lat' dir='ltr'><strong>nnnc</strong></span> <span class='ocrx_word' id='word_1_375' title='bbox 632 3897 777 3945; x_wconf 81' lang='lat' dir='ltr'><strong>evanescant,</strong></span> <span class='ocrx_word' id='word_1_376' title='bbox 809 3886 877 3934; x_wconf 85' lang='lat' dir='ltr'><strong>simis</strong></span> <span class='ocrx_word' id='word_1_377' title='bbox 885 3895 943 3932; x_wconf 76' lang='lat' dir='ltr'><strong>aestu</strong></span> <span class='ocrx_word' id='word_1_378' title='bbox 954 3884 1015 3933; x_wconf 87' lang='lat' dir='ltr'><strong>Solis</strong></span> <span class='ocrx_word' id='word_1_379' title='bbox 1024 3885 1050 3932; x_wconf 90' lang='lat' dir='ltr'><strong>in</strong></span> <span class='ocrx_word' id='word_1_380' title='bbox 1061 3884 1173 3945; x_wconf 85' lang='lat' dir='ltr'><strong>perihelio</strong></span> <span class='ocrx_word' id='word_1_381' title='bbox 1181 3883 1276 3931; x_wconf 73' lang='lat' dir='ltr'><strong>elevatis</strong></span> <span class='ocrx_word' id='word_1_382' title='bbox 1283 3882 1438 3944; x_wconf 81' lang='lat' dir='ltr'><strong>componitur,</strong></span> 
     </span>
     <span class='ocr_line' id='line_1_44' title="bbox 145 3945 1438 4014; baseline -0.003 -17"><span class='ocrx_word' id='word_1_383' title='bbox 145 3963 189 3997; x_wconf 84' lang='lat' dir='ltr'><strong>eur</strong></span> <span class='ocrx_word' id='word_1_384' title='bbox 211 3957 316 3996; x_wconf 74' lang='lat' dir='ltr'><strong>mutetur</strong></span> <span class='ocrx_word' id='word_1_385' title='bbox 342 3963 455 4009; x_wconf 83' lang='lat' dir='ltr'><strong>apperens</strong></span> <span class='ocrx_word' id='word_1_386' title='bbox 480 3951 601 3998; x_wconf 76' lang='lat' dir='ltr'><strong>stellarum</strong></span> <span class='ocrx_word' id='word_1_387' title='bbox 622 3951 778 4014; x_wconf 89' lang='lat' dir='ltr'><strong>quarumdam</strong></span> <span class='ocrx_word' id='word_1_388' title='bbox 809 3950 840 3998; x_wconf 89' lang='lat' dir='ltr'><strong>ad</strong></span> <span class='ocrx_word' id='word_1_389' title='bbox 850 3951 968 4012; x_wconf 77' lang='lat' dir='ltr'><strong>planetam</strong></span> <span class='ocrx_word' id='word_1_390' title='bbox 978 3950 1081 4012; x_wconf 78' lang='lat' dir='ltr'><strong>aliquem</strong></span> <span class='ocrx_word' id='word_1_391' title='bbox 1091 3947 1194 3996; x_wconf 75' lang='lat' dir='ltr'><strong>maxime</strong></span> <span class='ocrx_word' id='word_1_392' title='bbox 1203 3956 1322 4009; x_wconf 86' lang='lat' dir='ltr'><strong>potentem</strong></span> <span class='ocrx_word' id='word_1_393' title='bbox 1332 3945 1438 4007; x_wconf 67' lang='lat' dir='ltr'><strong>proxime</strong></span> 
     </span>
     <span class='ocr_line' id='line_1_45' title="bbox 145 4011 1439 4077; baseline 0 -19"><span class='ocrx_word' id='word_1_394' title='bbox 145 4011 293 4074; x_wconf 78' lang='lat' dir='ltr'><strong>magnitudo,</strong></span> <span class='ocrx_word' id='word_1_395' title='bbox 315 4027 359 4058; x_wconf 91' lang='lat' dir='ltr'><strong>nec</strong></span> <span class='ocrx_word' id='word_1_396' title='bbox 380 4027 428 4058; x_wconf 89' lang='lat' dir='ltr'><strong>non</strong></span> <span class='ocrx_word' id='word_1_397' title='bbox 450 4013 520 4061; x_wconf 84' lang='lat' dir='ltr'><strong>etiam</strong></span> <span class='ocrx_word' id='word_1_398' title='bbox 542 4029 585 4062; x_wconf 87' lang='lat' dir='ltr'><strong>cur</strong></span> <span class='ocrx_word' id='word_1_399' title='bbox 601 4015 674 4062; x_wconf 82' lang='lat' dir='ltr'><strong>stellae</strong></span> <span class='ocrx_word' id='word_1_400' title='bbox 692 4015 777 4077; x_wconf 75' lang='lat' dir='ltr'><strong>aliqua</strong></span> <span class='ocrx_word' id='word_1_401' title='bbox 808 4015 935 4062; x_wconf 80' lang='lat' dir='ltr'><strong>amederet·</strong></span> <span class='ocrx_word' id='word_1_402' title='bbox 969 4014 1020 4062; x_wconf 86' lang='lat' dir='ltr'><strong>Hic</strong></span> <span class='ocrx_word' id='word_1_403' title='bbox 1038 4014 1102 4060; x_wconf 89' lang='lat' dir='ltr'><strong>euim</strong></span> <span class='ocrx_word' id='word_1_404' title='bbox 1121 4027 1234 4073; x_wconf 86' lang='lat' dir='ltr'><strong>vaporum</strong></span> <span class='ocrx_word' id='word_1_405' title='bbox 1250 4021 1341 4060; x_wconf 86' lang='lat' dir='ltr'><strong>torrens</strong></span> <span class='ocrx_word' id='word_1_406' title='bbox 1355 4020 1439 4058; x_wconf 73' lang='lat' dir='ltr'><strong>aorac-</strong></span> 
     </span>
     <span class='ocr_line' id='line_1_46' title="bbox 144 4071 1441 4139; baseline -0.002 -17"><span class='ocrx_word' id='word_1_407' title='bbox 144 4075 212 4138; x_wconf 87' lang='lat' dir='ltr'><strong>qnasi</strong></span> <span class='ocrx_word' id='word_1_408' title='bbox 232 4091 313 4126; x_wconf 84' lang='lat' dir='ltr'><strong>recens</strong></span> <span class='ocrx_word' id='word_1_409' title='bbox 329 4091 432 4124; x_wconf 71' lang='lat' dir='ltr'><strong>accensae</strong></span> <span class='ocrx_word' id='word_1_410' title='bbox 450 4077 505 4125; x_wconf 88' lang='lat' dir='ltr'><strong>oriri</strong></span> <span class='ocrx_word' id='word_1_411' title='bbox 522 4078 578 4124; x_wconf 85' lang='lat' dir='ltr'><strong>visae</strong></span> <span class='ocrx_word' id='word_1_412' title='bbox 595 4078 649 4134; x_wconf 88' lang='lat' dir='ltr'><strong>sint,</strong></span> <span class='ocrx_word' id='word_1_413' title='bbox 668 4079 777 4139; x_wconf 83' lang='lat' dir='ltr'><strong>quaedam</strong></span> <span class='ocrx_word' id='word_1_414' title='bbox 808 4073 914 4126; x_wconf 83' lang='lat' dir='ltr'><strong>tionisvi</strong></span> <span class='ocrx_word' id='word_1_415' title='bbox 931 4077 961 4126; x_wconf 80' lang='lat' dir='ltr'><strong>ad</strong></span> <span class='ocrx_word' id='word_1_416' title='bbox 977 4077 1143 4125; x_wconf 82' lang='lat' dir='ltr'><strong>revolvendum</strong></span> <span class='ocrx_word' id='word_1_417' title='bbox 1152 4075 1215 4124; x_wconf 75' lang='lat' dir='ltr'><strong>circi</strong></span> <span class='ocrx_word' id='word_1_418' title='bbox 1229 4071 1346 4137; x_wconf 78' lang='lat' dir='ltr'><strong>planetinr</strong></span> <span class='ocrx_word' id='word_1_419' title='bbox 1357 4074 1441 4122; x_wconf 84' lang='lat' dir='ltr'><strong>annuli</strong></span> 
     </span>
     <span class='ocr_line' id='line_1_47' title="bbox 144 4137 1440 4207; baseline 0 -21"><span class='ocrx_word' id='word_1_420' title='bbox 144 4139 277 4202; x_wconf 79' lang='lat' dir='ltr'><strong>verdqnnsi</strong></span> <span class='ocrx_word' id='word_1_421' title='bbox 288 4141 396 4189; x_wconf 76' lang='lat' dir='ltr'><strong>extincta</strong></span> <span class='ocrx_word' id='word_1_422' title='bbox 407 4140 609 4188; x_wconf 79' lang='lat' dir='ltr'><strong>rideridesierint·</strong></span> <span class='ocrx_word' id='word_1_423' title='bbox 644 4141 669 4190; x_wconf 86' lang='lat' dir='ltr'><strong>Si</strong></span> <span class='ocrx_word' id='word_1_424' title='bbox 684 4141 776 4190; x_wconf 77' lang='lat' dir='ltr'><strong>inital-</strong></span> <span class='ocrx_word' id='word_1_425' title='bbox 808 4143 883 4190; x_wconf 80' lang='lat' dir='ltr'><strong>instar</strong></span> <span class='ocrx_word' id='word_1_426' title='bbox 901 4137 978 4207; x_wconf 80' lang='lat' dir='ltr'><strong>posset</strong></span> <span class='ocrx_word' id='word_1_427' title='bbox 996 4142 1145 4204; x_wconf 79' lang='lat' dir='ltr'><strong>detorqueri3</strong></span> <span class='ocrx_word' id='word_1_428' title='bbox 1161 4141 1211 4188; x_wconf 77' lang='lat' dir='ltr'><strong>ima</strong></span> <span class='ocrx_word' id='word_1_429' title='bbox 1229 4140 1372 4202; x_wconf 86' lang='lat' dir='ltr'><strong>impossibile</strong></span> <span class='ocrx_word' id='word_1_430' title='bbox 1390 4153 1440 4186; x_wconf 87' lang='lat' dir='ltr'><strong>non</strong></span> 
     </span>
     <span class='ocr_line' id='line_1_48' title="bbox 145 4203 1440 4270; baseline 0.002 -22"><span class='ocrx_word' id='word_1_431' title='bbox 145 4203 222 4250; x_wconf 87' lang='lat' dir='ltr'><strong>larum</strong></span> <span class='ocrx_word' id='word_1_432' title='bbox 244 4219 343 4252; x_wconf 90' lang='lat' dir='ltr'><strong>numero</strong></span> <span class='ocrx_word' id='word_1_433' title='bbox 360 4206 505 4264; x_wconf 86' lang='lat' dir='ltr'><strong>reperiantur</strong></span> <span class='ocrx_word' id='word_1_434' title='bbox 522 4206 607 4267; x_wconf 75' lang='lat' dir='ltr'><strong>alique</strong></span> <span class='ocrx_word' id='word_1_435' title='bbox 629 4204 659 4253; x_wconf 84' lang='lat' dir='ltr'><strong>ad</strong></span> <span class='ocrx_word' id='word_1_436' title='bbox 676 4205 777 4268; x_wconf 84' lang='lat' dir='ltr'><strong>figuram</strong></span> <span class='ocrx_word' id='word_1_437' title='bbox 808 4207 870 4254; x_wconf 83' lang='lat' dir='ltr'><strong>foret</strong></span> <span class='ocrx_word' id='word_1_438' title='bbox 884 4205 963 4266; x_wconf 87' lang='lat' dir='ltr'><strong>ipsum</strong></span> <span class='ocrx_word' id='word_1_439' title='bbox 978 4205 1072 4270; x_wconf 77' lang='lat' dir='ltr'><strong>quoque</strong></span> <span class='ocrx_word' id='word_1_440' title='bbox 1082 4221 1167 4267; x_wconf 90' lang='lat' dir='ltr'><strong>corpus</strong></span> <span class='ocrx_word' id='word_1_441' title='bbox 1177 4203 1273 4252; x_wconf 71' lang='lat' dir='ltr'><strong>cornetm</strong></span> <span class='ocrx_word' id='word_1_442' title='bbox 1284 4203 1344 4251; x_wconf 76' lang='lat' dir='ltr'><strong>circi</strong></span> <span class='ocrx_word' id='word_1_443' title='bbox 1359 4203 1440 4264; x_wconf 86' lang='lat' dir='ltr'><strong>plane-</strong></span> 
     </span>
    </p>
   </div>
   <div class='ocr_carea' id='block_1_22' title="bbox 42 4267 1437 4331">
    <p class='ocr_par' dir='ltr' id='par_1_22' title="bbox 42 4267 1437 4331">
     <span class='ocr_line' id='line_1_49' title="bbox 42 4267 1437 4331; baseline 0.003 -19"><span class='ocrx_word' id='word_1_444' title='bbox 42 4318 45 4331; x_wconf 45' lang='grc' dir='ltr'>Ι</span> <span class='ocrx_word' id='word_1_445' title='bbox 144 4267 241 4327; x_wconf 85' lang='lat' dir='ltr'><strong>planam</strong></span> <span class='ocrx_word' id='word_1_446' title='bbox 251 4269 395 4324; x_wconf 81' lang='lat' dir='ltr'><strong>accedentes,</strong></span> <span class='ocrx_word' id='word_1_447' title='bbox 411 4269 458 4318; x_wconf 75' lang='lat' dir='ltr'><strong>illae</strong></span> <span class='ocrx_word' id='word_1_448' title='bbox 469 4269 526 4316; x_wconf 88' lang='lat' dir='ltr'><strong>dnm</strong></span> <span class='ocrx_word' id='word_1_449' title='bbox 538 4269 621 4316; x_wconf 74' lang='lat' dir='ltr'><strong>faciem</strong></span> <span class='ocrx_word' id='word_1_450' title='bbox 633 4285 700 4316; x_wconf 88' lang='lat' dir='ltr'><strong>auam</strong></span> <span class='ocrx_word' id='word_1_451' title='bbox 710 4269 778 4317; x_wconf 89' lang='lat' dir='ltr'><strong>nobis</strong></span> <span class='ocrx_word' id='word_1_452' title='bbox 809 4280 857 4318; x_wconf 84' lang='lat' dir='ltr'><strong>tam</strong></span> <span class='ocrx_word' id='word_1_453' title='bbox 880 4272 929 4331; x_wconf 86' lang='lat' dir='ltr'><strong>rapi</strong></span> <span class='ocrx_word' id='word_1_454' title='bbox 951 4281 975 4318; x_wconf 94' lang='lat' dir='ltr'><strong>et</strong></span> <span class='ocrx_word' id='word_1_455' title='bbox 997 4271 1030 4318; x_wconf 89' lang='lat' dir='ltr'><strong>sic</strong></span> <span class='ocrx_word' id='word_1_456' title='bbox 1051 4270 1145 4331; x_wconf 85' lang='lat' dir='ltr'><strong>planeta</strong></span> <span class='ocrx_word' id='word_1_457' title='bbox 1160 4269 1286 4317; x_wconf 85' lang='lat' dir='ltr'><strong>satellitem</strong></span> <span class='ocrx_word' id='word_1_458' title='bbox 1302 4277 1437 4330; x_wconf 71' lang='lat' dir='ltr'><strong>nequieret.</strong></span> 
     </span>
    </p>
   </div>
   <div class='ocr_carea' id='block_1_23' title="bbox 144 4332 1441 4462">
    <p class='ocr_par' dir='ltr' id='par_1_23' title="bbox 144 4332 1441 4462">
     <span class='ocr_line' id='line_1_50' title="bbox 144 4332 1441 4396; baseline 0.002 -19"><span class='ocrx_word' id='word_1_459' title='bbox 144 4334 276 4388; x_wconf 85' lang='lat' dir='ltr'><strong>obvertunt,</strong></span> <span class='ocrx_word' id='word_1_460' title='bbox 298 4336 441 4394; x_wconf 76' lang='lat' dir='ltr'><strong>spheramm</strong></span> <span class='ocrx_word' id='word_1_461' title='bbox 460 4332 534 4381; x_wconf 89' lang='lat' dir='ltr'><strong>instar</strong></span> <span class='ocrx_word' id='word_1_462' title='bbox 554 4335 705 4394; x_wconf 74' lang='lat' dir='ltr'><strong>apparebunt.</strong></span> <span class='ocrx_word' id='word_1_463' title='bbox 751 4335 776 4380; x_wconf 90' lang='lat' dir='ltr'><strong>Si</strong></span> <span class='ocrx_word' id='word_1_464' title='bbox 811 4335 918 4382; x_wconf 89' lang='lat' dir='ltr'><strong>Haberet</strong></span> <span class='ocrx_word' id='word_1_465' title='bbox 927 4344 1006 4382; x_wconf 86' lang='lat' dir='ltr'><strong>autem</strong></span> <span class='ocrx_word' id='word_1_466' title='bbox 1017 4334 1111 4396; x_wconf 81' lang='lat' dir='ltr'><strong>planeta</strong></span> <span class='ocrx_word' id='word_1_467' title='bbox 1119 4333 1242 4381; x_wconf 86' lang='lat' dir='ltr'><strong>satellitem</strong></span> <span class='ocrx_word' id='word_1_468' title='bbox 1253 4335 1304 4380; x_wconf 87' lang='lat' dir='ltr'><strong>sine</strong></span> <span class='ocrx_word' id='word_1_469' title='bbox 1312 4332 1409 4387; x_wconf 85' lang='lat' dir='ltr'><strong>annulo,</strong></span> <span class='ocrx_word' id='word_1_470' title='bbox 1421 4332 1441 4379; x_wconf 86' lang='lat' dir='ltr'><strong>si</strong></span> 
     </span>
     <span class='ocr_line' id='line_1_51' title="bbox 145 4395 1441 4462; baseline 0 -20"><span class='ocrx_word' id='word_1_471' title='bbox 145 4407 226 4442; x_wconf 88' lang='lat' dir='ltr'><strong>autem</strong></span> <span class='ocrx_word' id='word_1_472' title='bbox 237 4407 343 4459; x_wconf 86' lang='lat' dir='ltr'><strong>respectu</strong></span> <span class='ocrx_word' id='word_1_473' title='bbox 352 4397 424 4443; x_wconf 86' lang='lat' dir='ltr'><strong>nostri</strong></span> <span class='ocrx_word' id='word_1_474' title='bbox 435 4397 506 4444; x_wconf 88' lang='lat' dir='ltr'><strong>situm</strong></span> <span class='ocrx_word' id='word_1_475' title='bbox 515 4413 585 4444; x_wconf 88' lang='lat' dir='ltr'><strong>snum</strong></span> <span class='ocrx_word' id='word_1_476' title='bbox 594 4405 694 4452; x_wconf 88' lang='lat' dir='ltr'><strong>mutent,</strong></span> <span class='ocrx_word' id='word_1_477' title='bbox 701 4397 777 4460; x_wconf 70' lang='lat' dir='ltr'><strong>magis</strong></span> <span class='ocrx_word' id='word_1_478' title='bbox 809 4409 900 4446; x_wconf 81' lang='lat' dir='ltr'><strong>cometa</strong></span> <span class='ocrx_word' id='word_1_479' title='bbox 910 4397 1074 4446; x_wconf 87' lang='lat' dir='ltr'><strong>destitueretur</strong></span> <span class='ocrx_word' id='word_1_480' title='bbox 1083 4395 1167 4454; x_wconf 75' lang='lat' dir='ltr'><strong>caudi,</strong></span> <span class='ocrx_word' id='word_1_481' title='bbox 1183 4398 1225 4445; x_wconf 88' lang='lat' dir='ltr'><strong>sed</strong></span> <span class='ocrx_word' id='word_1_482' title='bbox 1236 4397 1359 4462; x_wconf 80' lang='lat' dir='ltr'><strong>adjicietur</strong></span> <span class='ocrx_word' id='word_1_483' title='bbox 1369 4397 1441 4442; x_wconf 86' lang='lat' dir='ltr'><strong>etiarn</strong></span> 
     </span>
    </p>
   </div>
   <div class='ocr_carea' id='block_1_24' title="bbox 37 4459 1440 4533">
    <p class='ocr_par' dir='ltr' id='par_1_24' title="bbox 37 4459 1440 4533">
     <span class='ocr_line' id='line_1_52' title="bbox 37 4459 1440 4533; baseline 0.001 -28"><span class='ocrx_word' id='word_1_484' title='bbox 37 4487 41 4533; x_wconf 29' lang='grc' dir='ltr'><em>Β</em></span> <span class='ocrx_word' id='word_1_485' title='bbox 145 4459 184 4506; x_wconf 84' lang='lat' dir='ltr'><strong>rel</strong></span> <span class='ocrx_word' id='word_1_486' title='bbox 200 4459 279 4506; x_wconf 89' lang='lat' dir='ltr'><strong>minus</strong></span> <span class='ocrx_word' id='word_1_487' title='bbox 295 4460 414 4507; x_wconf 77' lang='lat' dir='ltr'><strong>stellarum</strong></span> <span class='ocrx_word' id='word_1_488' title='bbox 425 4459 519 4508; x_wconf 87' lang='lat' dir='ltr'><strong>illarum</strong></span> <span class='ocrx_word' id='word_1_489' title='bbox 530 4461 640 4523; x_wconf 81' lang='lat' dir='ltr'><strong>splendor</strong></span> <span class='ocrx_word' id='word_1_490' title='bbox 651 4460 775 4520; x_wconf 86' lang='lat' dir='ltr'><strong>decrescet,</strong></span> <span class='ocrx_word' id='word_1_491' title='bbox 809 4462 919 4516; x_wconf 83' lang='lat' dir='ltr'><strong>annulus,</strong></span> <span class='ocrx_word' id='word_1_492' title='bbox 936 4463 956 4508; x_wconf 81' lang='lat' dir='ltr'><strong>ri</strong></span> <span class='ocrx_word' id='word_1_493' title='bbox 971 4472 1062 4510; x_wconf 87' lang='lat' dir='ltr'><strong>cometa</strong></span> <span class='ocrx_word' id='word_1_494' title='bbox 1072 4464 1174 4510; x_wconf 83' lang='lat' dir='ltr'><strong>cendum</strong></span> <span class='ocrx_word' id='word_1_495' title='bbox 1183 4463 1297 4517; x_wconf 76' lang='lat' dir='ltr'><strong>babuerit,</strong></span> <span class='ocrx_word' id='word_1_496' title='bbox 1314 4460 1385 4523; x_wconf 71' lang='lat' dir='ltr'><strong>moure</strong></span> <span class='ocrx_word' id='word_1_497' title='bbox 1398 4477 1440 4507; x_wconf 83' lang='lat' dir='ltr'><strong>an-</strong></span> 
     </span>
    </p>
   </div>
   <div class='ocr_carea' id='block_1_25' title="bbox 144 4521 1441 4845">
    <p class='ocr_par' dir='ltr' id='par_1_25' title="bbox 144 4521 1441 4845">
     <span class='ocr_line' id='line_1_53' title="bbox 145 4521 1441 4584; baseline 0.001 -15"><span class='ocrx_word' id='word_1_498' title='bbox 145 4533 215 4584; x_wconf 91' lang='lat' dir='ltr'><strong>pront</strong></span> <span class='ocrx_word' id='word_1_499' title='bbox 226 4524 271 4570; x_wconf 91' lang='lat' dir='ltr'><strong>boc</strong></span> <span class='ocrx_word' id='word_1_500' title='bbox 281 4523 317 4571; x_wconf 83' lang='lat' dir='ltr'><strong>vel</strong></span> <span class='ocrx_word' id='word_1_501' title='bbox 332 4525 373 4571; x_wconf 91' lang='lat' dir='ltr'><strong>illo</strong></span> <span class='ocrx_word' id='word_1_502' title='bbox 384 4524 455 4572; x_wconf 90' lang='lat' dir='ltr'><strong>modo</strong></span> <span class='ocrx_word' id='word_1_503' title='bbox 465 4541 514 4572; x_wconf 88' lang='lat' dir='ltr'><strong>sese</strong></span> <span class='ocrx_word' id='word_1_504' title='bbox 525 4525 592 4572; x_wconf 83' lang='lat' dir='ltr'><strong>noble</strong></span> <span class='ocrx_word' id='word_1_505' title='bbox 603 4525 732 4580; x_wconf 85' lang='lat' dir='ltr'><strong>ostendent,</strong></span> <span class='ocrx_word' id='word_1_506' title='bbox 750 4542 778 4573; x_wconf 91' lang='lat' dir='ltr'><strong>ac</strong></span> <span class='ocrx_word' id='word_1_507' title='bbox 809 4527 882 4572; x_wconf 90' lang='lat' dir='ltr'><strong>nulus</strong></span> <span class='ocrx_word' id='word_1_508' title='bbox 896 4521 971 4574; x_wconf 82' lang='lat' dir='ltr'><strong>aderit</strong></span> <span class='ocrx_word' id='word_1_509' title='bbox 985 4527 1036 4573; x_wconf 89' lang='lat' dir='ltr'><strong>aine</strong></span> <span class='ocrx_word' id='word_1_510' title='bbox 1050 4526 1156 4584; x_wconf 80' lang='lat' dir='ltr'><strong>satellite,</strong></span> <span class='ocrx_word' id='word_1_511' title='bbox 1171 4526 1190 4573; x_wconf 90' lang='lat' dir='ltr'><strong>si</strong></span> <span class='ocrx_word' id='word_1_512' title='bbox 1207 4526 1282 4574; x_wconf 81' lang='lat' dir='ltr'><strong>cauda</strong></span> <span class='ocrx_word' id='word_1_513' title='bbox 1297 4525 1412 4573; x_wconf 83' lang='lat' dir='ltr'><strong>duntaxat</strong></span> <span class='ocrx_word' id='word_1_514' title='bbox 1426 4539 1441 4570; x_wconf 89' lang='lat' dir='ltr'><strong>a</strong></span> 
     </span>
     <span class='ocr_line' id='line_1_54' title="bbox 145 4587 1441 4653; baseline -0.002 -17"><span class='ocrx_word' id='word_1_515' title='bbox 145 4587 240 4636; x_wconf 87' lang='lat' dir='ltr'><strong>tandem</strong></span> <span class='ocrx_word' id='word_1_516' title='bbox 251 4589 343 4651; x_wconf 76' lang='lat' dir='ltr'><strong>exigua</strong></span> <span class='ocrx_word' id='word_1_517' title='bbox 354 4589 463 4636; x_wconf 85' lang='lat' dir='ltr'><strong>crassitiei</strong></span> <span class='ocrx_word' id='word_1_518' title='bbox 479 4589 541 4636; x_wconf 86' lang='lat' dir='ltr'><strong>latus</strong></span> <span class='ocrx_word' id='word_1_519' title='bbox 555 4590 679 4636; x_wconf 77' lang='lat' dir='ltr'><strong>exhibeant</strong></span> <span class='ocrx_word' id='word_1_520' title='bbox 689 4590 781 4636; x_wconf 84' lang='lat' dir='ltr'><strong>etsatis</strong></span> <span class='ocrx_word' id='word_1_521' title='bbox 809 4587 905 4650; x_wconf 75' lang='lat' dir='ltr'><strong>pauet</strong></span> <span class='ocrx_word' id='word_1_522' title='bbox 925 4592 1063 4638; x_wconf 77' lang='lat' dir='ltr'><strong>attrabatur.</strong></span> <span class='ocrx_word' id='word_1_523' title='bbox 1095 4591 1163 4638; x_wconf 75' lang='lat' dir='ltr'><strong>Hac·</strong></span> <span class='ocrx_word' id='word_1_524' title='bbox 1179 4599 1235 4638; x_wconf 80' lang='lat' dir='ltr'><strong>sunt</strong></span> <span class='ocrx_word' id='word_1_525' title='bbox 1250 4605 1305 4653; x_wconf 76' lang='lat' dir='ltr'><strong>qua</strong></span> <span class='ocrx_word' id='word_1_526' title='bbox 1322 4590 1353 4636; x_wconf 82' lang='lat' dir='ltr'><strong>ad</strong></span> <span class='ocrx_word' id='word_1_527' title='bbox 1376 4590 1441 4634; x_wconf 84' lang='lat' dir='ltr'><strong>hunc</strong></span> 
     </span>
     <span class='ocr_line' id='line_1_55' title="bbox 144 4649 1441 4715; baseline 0.001 -17"><span class='ocrx_word' id='word_1_528' title='bbox 144 4649 185 4699; x_wconf 89' lang='lat' dir='ltr'><strong>lon</strong></span> <span class='ocrx_word' id='word_1_529' title='bbox 203 4651 319 4700; x_wconf 72' lang='lat' dir='ltr'><strong>danobis</strong></span> <span class='ocrx_word' id='word_1_530' title='bbox 328 4651 421 4710; x_wconf 85' lang='lat' dir='ltr'><strong>distent,</strong></span> <span class='ocrx_word' id='word_1_531' title='bbox 434 4654 567 4713; x_wconf 88' lang='lat' dir='ltr'><strong>conspectui</strong></span> <span class='ocrx_word' id='word_1_532' title='bbox 580 4664 659 4700; x_wconf 87' lang='lat' dir='ltr'><strong>nostro</strong></span> <span class='ocrx_word' id='word_1_533' title='bbox 670 4669 719 4700; x_wconf 86' lang='lat' dir='ltr'><strong>sese</strong></span> <span class='ocrx_word' id='word_1_534' title='bbox 727 4669 779 4700; x_wconf 88' lang='lat' dir='ltr'><strong>om·</strong></span> <span class='ocrx_word' id='word_1_535' title='bbox 814 4654 926 4702; x_wconf 86' lang='lat' dir='ltr'><strong>Newtoni</strong></span> <span class='ocrx_word' id='word_1_536' title='bbox 941 4653 1020 4702; x_wconf 68' lang='lat' dir='ltr'><strong>laicum</strong></span> <span class='ocrx_word' id='word_1_537' title='bbox 1036 4653 1153 4715; x_wconf 79' lang='lat' dir='ltr'><strong>praecipue</strong></span> <span class='ocrx_word' id='word_1_538' title='bbox 1164 4656 1314 4710; x_wconf 77' lang='lat' dir='ltr'><strong>referunmr3</strong></span> <span class='ocrx_word' id='word_1_539' title='bbox 1331 4661 1441 4699; x_wconf 70' lang='lat' dir='ltr'><strong>caemrum</strong></span> 
     </span>
     <span class='ocr_line' id='line_1_56' title="bbox 146 4715 1441 4782; baseline 0 -20"><span class='ocrx_word' id='word_1_540' title='bbox 146 4716 204 4765; x_wconf 89' lang='lat' dir='ltr'><strong>nino</strong></span> <span class='ocrx_word' id='word_1_541' title='bbox 215 4716 353 4766; x_wconf 87' lang='lat' dir='ltr'><strong>subducent.</strong></span> <span class='ocrx_word' id='word_1_542' title='bbox 380 4715 509 4772; x_wconf 73' lang='lat' dir='ltr'><strong>Quomodo</strong></span> <span class='ocrx_word' id='word_1_543' title='bbox 521 4727 600 4764; x_wconf 90' lang='lat' dir='ltr'><strong>autem</strong></span> <span class='ocrx_word' id='word_1_544' title='bbox 610 4717 663 4764; x_wconf 83' lang='lat' dir='ltr'><strong>llxae</strong></span> <span class='ocrx_word' id='word_1_545' title='bbox 674 4729 780 4778; x_wconf 87' lang='lat' dir='ltr'><strong>respectu</strong></span> <span class='ocrx_word' id='word_1_546' title='bbox 812 4719 836 4765; x_wconf 89' lang='lat' dir='ltr'><strong>in</strong></span> <span class='ocrx_word' id='word_1_547' title='bbox 848 4718 949 4765; x_wconf 88' lang='lat' dir='ltr'><strong>laudatis</strong></span> <span class='ocrx_word' id='word_1_548' title='bbox 964 4718 1083 4779; x_wconf 87' lang='lat' dir='ltr'><strong>opusculis</strong></span> <span class='ocrx_word' id='word_1_549' title='bbox 1093 4719 1266 4782; x_wconf 73' lang='lat' dir='ltr'><strong>elegsnuaeima</strong></span> <span class='ocrx_word' id='word_1_550' title='bbox 1275 4726 1334 4766; x_wconf 86' lang='lat' dir='ltr'><strong>sunt</strong></span> <span class='ocrx_word' id='word_1_551' title='bbox 1344 4716 1441 4764; x_wconf 87' lang='lat' dir='ltr'><strong>Proble-</strong></span> 
     </span>
     <span class='ocr_line' id='line_1_57' title="bbox 147 4781 1142 4845; baseline 0.002 -18"><span class='ocrx_word' id='word_1_552' title='bbox 147 4781 218 4830; x_wconf 80' lang='lat' dir='ltr'><strong>nostri</strong></span> <span class='ocrx_word' id='word_1_553' title='bbox 229 4781 367 4844; x_wconf 86' lang='lat' dir='ltr'><strong>positionem</strong></span> <span class='ocrx_word' id='word_1_554' title='bbox 378 4797 445 4830; x_wconf 85' lang='lat' dir='ltr'><strong>suum</strong></span> <span class='ocrx_word' id='word_1_555' title='bbox 456 4790 556 4840; x_wconf 85' lang='lat' dir='ltr'><strong>mutent,</strong></span> <span class='ocrx_word' id='word_1_556' title='bbox 569 4781 681 4842; x_wconf 80' lang='lat' dir='ltr'><strong>explicari</strong></span> <span class='ocrx_word' id='word_1_557' title='bbox 696 4793 779 4844; x_wconf 81' lang='lat' dir='ltr'><strong>potest,</strong></span> <span class='ocrx_word' id='word_1_558' title='bbox 812 4793 875 4832; x_wconf 85' lang='lat' dir='ltr'><strong>mata</strong></span> <span class='ocrx_word' id='word_1_559' title='bbox 885 4798 938 4845; x_wconf 81' lang='lat' dir='ltr'><strong>quae</strong></span> <span class='ocrx_word' id='word_1_560' title='bbox 948 4781 1055 4830; x_wconf 83' lang='lat' dir='ltr'><strong>consulat</strong></span> <span class='ocrx_word' id='word_1_561' title='bbox 1064 4782 1142 4831; x_wconf 81' lang='lat' dir='ltr'><strong>lector.</strong></span> 
     </span>
    </p>
   </div>
   <div class='ocr_carea' id='block_1_26' title="bbox 0 0 1700 5675">
    <p class='ocr_par' dir='ltr' id='par_1_26' title="bbox 0 0 1700 5675">
     <span class='ocr_line' id='line_1_58' title="bbox 0 0 1700 5675; baseline 0 1"><span class='ocrx_word' id='word_1_562' title='bbox 0 0 1700 5675; x_wconf 95' lang='lat' dir='ltr'><strong> </strong></span> 
     </span>
    </p>
   </div>
  </div>
 </body>
</html>
