3392 5675
144 484 446 565 LrnnuTnnrrus.]
479 480 721 551 PRINCIPIA
745 486 1113 555 MATHEMATICA.
1362 501 1450 580 les

141 659 317 738 viciniores,
341 660 394 745 qui
413 662 446 722 in
464 659 513 723 his
527 660 667 745 partibus
682 672 897 737 versarentur3
920 672 952 724 et
967 662 1023 725 Sol
1035 662 1234 746 interpositus
1248 663 1427 728 obscuraret

142 779 282 830 caeteros.
313 764 432 831 Verdm
443 767 655 851 percurrendo
668 766 811 829 historias
824 779 1023 847 cometarum,
1037 770 1138 853 reperi
1153 772 1237 855 quod
1248 772 1424 856 quadruplo

141 872 192 935 vel
214 874 377 957 quintuplo
398 873 503 956 plures
518 872 631 936 detecti
645 885 717 936 sunt
736 874 768 935 in
782 873 1004 958 hemisphaerio
1021 876 1126 939 Solem
1140 900 1256 955 versus,
1279 877 1372 964 quam
1391 880 1426 943 in

140 979 538 1063 hemisphaeriooppositO,
561 992 676 1062 praeter
692 980 773 1065 alios
798 979 1006 1063 proculdubio
1030 1003 1095 1044 non
1117 1004 1243 1066 paucos,
1268 1008 1346 1069 quos
1369 988 1426 1049 lux

142 1084 252 1148 solaris
274 1085 403 1149 obtexit.
448 1084 605 1148 Nimirum
627 1085 660 1146 in
674 1085 826 1147 descensu
841 1085 882 1147 ad
903 1085 1046 1171 regiones
1060 1100 1183 1151 nostras
1196 1111 1297 1175 neque
1311 1092 1424 1155 caudas

141 1191 297 1267 emittunt,
320 1213 421 1276 neque
443 1190 522 1253 adeb
543 1192 737 1254 illustrantur
757 1215 775 1254 a
799 1192 881 1269 Sole,
904 1202 940 1255 ut
959 1192 1052 1255 nudis
1073 1195 1172 1257 oculis
1185 1218 1218 1259 se
1239 1198 1326 1281 prius
1339 1199 1425 1263 dete-

141 1298 262 1385 gendos
285 1300 461 1377 exhibeant,
486 1298 577 1385 quam
600 1301 662 1363 sint
682 1301 751 1384 ipso
764 1300 842 1364 Jove
857 1301 1028 1384 propiores.
1075 1303 1174 1384 Spatii
1188 1318 1292 1393 autem
1305 1307 1426 1371 tantillo

140 1408 304 1471 intervallo
327 1409 408 1473 circa
425 1409 529 1473 Solem
544 1408 690 1492 descripti
704 1429 776 1491 pars
797 1407 892 1494 longe
913 1408 1089 1491 majorsita.
1100 1421 1148 1473 est
1161 1432 1181 1471 a
1193 1410 1289 1475 latere
1304 1412 1424 1491 Terrae,

141 1514 235 1599 quod·
244 1514 351 1579 Solem
364 1516 507 1599 respicit3
529 1514 624 1598 inque
644 1525 733 1597 parte
754 1512 806 1575 illd
825 1514 943 1596 majore
957 1526 1096 1589 cometae,
1109 1514 1188 1579 ,soli
1208 1528 1243 1578 ut
1256 1516 1425 1600 plurimum

140 1623 315 1699 viciniores,
331 1624 431 1709 magis
445 1622 612 1685 illuminari
626 1622 735 1686 solent.
785 1684 788 1693 ,

186 1731 286 1793 Corol.
303 1738 343 1793 3:
359 1728 397 1812 (¹)
415 1729 503 1792 Hinc
525 1728 618 1791 etiam
638 1726 834 1791 manifestum
856 1740 914 1804 est,
936 1727 1022 1812 quod
1045 1728 1116 1791 coeli
1138 1730 1311 1796 resistentia
1332 1734 1426 1801 desti-

140 1850 284 1903 tuuntur.
329 1840 413 1902 Nam
435 1850 564 1903 cometae
585 1839 650 1901 vias
671 1839 812 1923 obliquas
827 1850 859 1901 et
872 1861 1095 1925 nonnunquam
1110 1843 1213 1905 cursui
1234 1845 1426 1927 planetarum

143 1948 316 2009 contrarias
337 1946 444 2023 secuti,
468 1956 632 2009 moventur
653 1944 846 2009 omnifariam
867 1944 1034 2022 liberrime,
1059 1957 1091 2008 et
1108 1958 1212 2009 motus
1232 1970 1314 2025 suos,
1335 1953 1427 2017 etiam

140 2065 253 2147 contra
274 2074 400 2117 cursum
424 2054 619 2137 planetarum
640 2051 811 2116 diutissime
833 2064 1025 2116 conservant
1082 2055 1117 2137 (')
1143 2055 1249 2118 Fallor
1272 2058 1307 2118 ni
1325 2080 1426 2144 genus

141 2162 339 2245 planetarum
361 2162 431 2237 sint,
455 2173 486 2224 et
506 2173 594 2223 motu
612 2172 764 2244 perpetuo
777 2161 810 2224 in
827 2161 935 2224 orbem
949 2160 1088 2225 redeant.
1134 2161 1218 2226 Nam
1232 2164 1317 2248 quod
1331 2166 1427 2250 scrip-

138 2266 226 2333 tores
242 2270 337 2353 aliqui
357 2281 496 2333 meteora
510 2290 577 2333 esse
591 2270 707 2346 volunt,
731 2262 950 2363 argumentum
965 2294 984 2333 a
998 2270 1136 2354 capitum
1157 2274 1314 2355 perpetuis
1327 2285 1428 2337 muta·

116 2406 118 2419 ·
142 2378 280 2441 tionibus
305 2377 463 2454 ducentes,
489 2376 692 2441 fimdamento
719 2398 824 2440 carere
848 2377 980 2441 videtur.
1024 2366 1084 2463 '(¹³)
1105 2379 1218 2463 Capita
1239 2393 1429 2447 cometarum

142 2486 358 2570 atrnosphaeris
372 2486 549 2571 ingentibus
564 2485 750 2573 cingentem
773 2497 804 2549 et
817 2487 1035 2571 atmospbaerae
1055 2488 1176 2553 inferne
1189 2488 1347 2554 densiores
1363 2512 1430 2555 esse

143 2592 269 2656 debent.
315 2590 411 2657 Unde
424 2592 522 2656 nubes
537 2603 618 2669 sunt,
635 2614 698 2655 non
713 2592 781 2677 ipsa
795 2605 986 2657 cometarum
1000 2616 1143 2679 corpora,
1157 2596 1191 2659 in
1203 2597 1314 2680 quibus
1326 2608 1428 2661 muta·

141 2700 242 2763 tiones
263 2698 325 2761 illae
346 2697 496 2761 visuntur.
542 2697 594 2763 Sic
616 2697 717 2761 Terra
738 2698 764 2761 si
785 2720 803 2761 e
823 2697 955 2781 planetis
978 2712 1178 2782 spectaretur,
1201 2700 1271 2764 luce
1294 2702 1425 2765 nubium

85 2875 89 2884 ,
143 2830 271 2872 suarum
291 2806 497 2893 proculdubio
518 2806 703 2891 splenderet,
720 2817 754 2871 et
767 2828 880 2892 corpus
895 2807 1020 2872 firmum
1035 2807 1093 2872 sub
1106 2808 1242 2872 nubibus
1260 2808 1359 2894 prope
1375 2810 1428 2874 de·

141 2917 307 2980 litesceret
353 2915 405 2978 Sic
420 2914 545 3000 cingula
564 2914 697 2978 Jovisin
711 2913 847 2977 nubibus
862 2913 995 2997 planetae
1009 2914 1092 2978 illius
1108 2914 1240 2978 formata
1254 2930 1334 2992 sunt,
1361 2939 1429 3002 qua
1466 2936 1477 2954 ·

144 3028 240 3092 situm
261 3035 384 3088 mutant
404 3025 485 3088 inter
507 3047 550 3101 se,
572 3037 604 3088 et
624 3023 750 3088 firmum
771 3024 980 3110 Joviscorpus
1000 3047 1058 3109 per
1071 3025 1169 3088 nubes
1190 3024 1258 3087 illas
1272 3025 1429 3092 difficilius

144 3131 291 3196 cernitur.
336 3129 380 3192 Et
400 3129 499 3192 multo
519 3129 617 3215 magis
638 3150 770 3214 corpora
784 3149 976 3192 cometarum
992 3129 1051 3193 sub
1066 3128 1279 3213 atmosphaeris
1299 3141 1332 3192 et
1348 3151 1430 3216 pro-
1503 3169 1511 3186 .

141 3238 339 3344 fundioribus
354 3249 385 3300 et
399 3236 600 3300 crassioribus
614 3233 763 3300 abscondi
777 3234 901 3300 debent.

177 3476 213 3542 (¹¹)
234 3480 248 3540 ξ’
265 3479 331 3526 ffinc
349 3481 418 3526 etiam
435 3480 585 3544 manifestum
603 3489 642 3528 ut.
676 3479 767 3527 Clarias.
801 3492 864 3526 cem
881 3476 972 3524 videtur
989 3485 1017 3524 ut
1035 3455 1180 3536 rapidissimo
1196 3477 1308 3524 vorticum
1325 3480 1428 3523 torrente

145 3541 258 3588 Cassinus
273 3541 297 3586 in
315 3541 383 3588 Mon.
399 3543 472 3593 Paris.
486 3559 524 3589 an.
540 3547 608 3590 1781.
626 3543 771 3606 retrogradae
801 3542 910 3589 contrarii
926 3549 1068 3587 cometarum
1084 3550 1162 3586 motus
1176 3539 1276 3587 maxirnd
1292 3543 1427 3599 perturben-

19 3599 20 3612 ’
120 3635 125 3642 -
143 3614 287 3650 cometarum
298 3614 376 3652 motus
386 3605 416 3653 ad
426 3605 525 3654 directos
537 3605 656 3666 ingeniose
667 3607 767 3654 reduxit.
801 3613 847 3662 tur,
870 3601 964 3665 citoque
985 3604 1140 3661 destruuntur,
1166 3619 1193 3650 ac
1214 3604 1308 3651 tandem
1329 3610 1428 3650 cometa

129 3667 285 3716 observatos
296 3668 449 3728 plurimorum
460 3679 601 3716 cometarum
609 3679 688 3717 motus
698 3679 769 3718 retro·
802 3669 900 3732 hujusce
916 3667 1023 3715 torrentis
1039 3666 1061 3712 vi
1074 3667 1200 3727 rapiantur.
1236 3668 1270 3714 At
1285 3667 1375 3713 summe
1391 3679 1427 3711 ra·

123 3735 124 3742 ’
142 3731 229 3794 grados
247 3746 321 3778 meras
337 3747 386 3779 esse
398 3734 542 3793 appetentias
557 3733 705 3794 conjectatur,
723 3747 770 3780 non
803 3733 896 3794 gulares
906 3746 955 3778 esre
966 3741 1108 3777 cometamur
1116 3728 1425 3786 motusetcontrr‘tcursum

142 3809 212 3841 secus
232 3809 259 3842 ac
281 3794 381 3842 directus
405 3797 550 3855 planetarum
571 3797 770 3844 circumsolarium
801 3792 1426 3855 planetarumjdiunsimsconaervartnonnulliscome-

142 3867 224 3904 motus
248 3867 342 3918 apparet
370 3859 495 3922 aliquando
521 3859 675 3922 retrogradus.
722 3859 769 3908 Sed
803 3868 883 3906 tarum
894 3858 1006 3919 exemplis
1016 3857 1124 3916 deinceps
1134 3857 1228 3917 patebit.

141 3921 769 4039 entend
813 3963 1320 4028 incameratam
1345 3958 1427 4014 Q...

142 4059 211 4094 motu
225 4047 279 4095 vere
295 4048 429 4112 retrogrado
448 4047 528 4096 conus
545 4051 627 4096 seriem
648 4051 768 4112 signorum
803 4027 912 4100 ΝΜ
936 4025 1096 4098 ἷΰΰᾶξωθῦῑίθ
1120 4025 1208 4072 ”intur
1233 4026 1283 4098 lunc
1305 4023 1426 4097 munda,

142 4125 241 4160 cursum
258 4113 358 4160 tenuisse
376 4111 511 4160 conabimur
527 4112 653 4170 ostendere,
670 4115 710 4162 ubi
727 4114 770 4160 hic
800 4089 951 4136 ¹¹¹⁸me
971 4098 1015 4134 ΘΜ
1040 4086 1120 4149 postea
1140 4102 1170 4134 εἰ
1196 4102 1265 4134 vanu
1284 4096 1426 4134 cometam

143 4173 175 4221 de
186 4190 210 4221 re
219 4179 289 4234 ptura
299 4175 391 4222 dicendi
404 4177 470 4224 locus
480 4175 579 4233 dabitur,
595 4187 715 4238 postquam
726 4176 771 4224 sci·
801 4152 967 4214 Phaemml’·

143 4237 200 4285 licet
210 4238 372 4286 tradiderimus
380 4250 487 4287 motuum
497 4251 638 4288 cometarum
645 4241 767 4288 elementa.
834 4239 876 4305 (¹⁶)
890 4243 903 4271 ⁶
917 4243 997 4302 Capita
1008 4250 1148 4289 cometcnm
1159 4238 1316 4299 ttmospbaeris
1325 4237 1426 4300 ingenti·

146 4301 262 4362 Obliquas
278 4317 326 4352 esee
340 4318 508 4365 nonnunquam
524 4313 668 4350 cometarum
681 4304 728 4350 vias
746 4311 770 4350 et
801 4307 846 4352 bus
855 4303 919 4366 cingi
926 4304 993 4351 variis
1000 4304 1143 4366 argumentis
1150 4304 1299 4362 imposterum
1306 4303 1427 4350 confirmat

144 4364 223 4411 cursui
240 4365 384 4424 planetarum
399 4369 524 4416 contrarias
533 4368 600 4414 fateri
615 4383 665 4414 non
678 4366 771 4430 dubita,
802 4368 940 4416 Newtonus.
975 4368 1093 4415 ceterum
1109 4367 1134 4413 ln
1150 4366 1205 4425 ipsis
1220 4375 1364 4412 cometarum
1375 4381 1426 4412 cor·

144 4437 201 4474 runt
219 4428 313 4490 quidam
333 4431 467 4478 Cartesiani.
511 4430 601 4479 Verum
618 4429 770 4492 quitatione
802 4433 899 4491 poribus
915 4446 963 4478 non
980 4429 1029 4476 lieri
1044 4438 1167 4490 perpetuas
1180 4429 1320 4476 mutationes
1335 4430 1386 4475 illas
1401 4432 1426 4474 in

145 4490 229 4537 diversi
240 4491 273 4537 illi
285 4504 426 4540 cometarum
435 4503 513 4541 motus
521 4509 576 4540 cum
583 4495 707 4543 vorticibus
714 4509 769 4542 con·
804 4494 904 4542 decursu
915 4494 1030 4542 constabit
1044 4492 1227 4553 independenter
1236 4491 1333 4540 omnind
1343 4496 1373 4540 ab
1387 4492 1427 4538 int

145 4553 219 4601 ciliari
238 4550 332 4614 possint,
351 4557 446 4604 difficile
467 4558 613 4620 intelligitur,
636 4558 690 4606 cbm
708 4559 771 4604 enim
803 4558 913 4616 opinione
933 4573 986 4621 quae
1014 4556 1110 4605 cometis
1138 4556 1244 4620 ingentes
1264 4558 1427 4617 atrnosphaeras

146 4627 242 4666 cometa
254 4619 279 4666 in
291 4619 396 4683 regiones
411 4621 558 4682 planetarum
569 4621 716 4678 descendant,
730 4637 771 4669 ne·
802 4621 890 4669 tribuit.
