3392 5675
153 488 265 557 Lreua
281 490 464 570 huntus]
487 564 490 577 .
511 486 753 555 PRINCIPIA
775 486 1147 558 MATHEMATICA.
1376 497 1436 556 201

152 661 232 728 nihil
253 660 370 747 patitur
389 680 432 723 ex
452 660 627 745 corporum
641 656 796 723 motibus:
818 656 873 721 ilia
893 655 1012 721 nullam
1026 657 1165 721 sentiunt
1178 657 1383 721 resistentiam
1397 680 1440 723 ex

153 767 404 854 omnipraesentii
432 764 495 831 dei.
554 766 663 832 Deum
691 786 848 829 summum
875 763 1052 831 necessario
1080 778 1213 830 castere
1238 765 1273 829 in
1296 765 1440 830 oonmsso

153 890 218 943 estc
246 889 280 943 et
306 876 417 943 eidam
444 876 629 943 necessitate
656 898 770 959 semper
798 887 846 939 est
874 886 908 939 et
934 876 1051 959 aciqroe.
1115 870 1212 940 Unde
1236 876 1331 938 etiam
1355 887 1439 939 totus

154 999 202 1051 est
216 986 264 1051 sui
280 986 399 1077 similis,
421 997 505 1051 tatus
527 985 646 1063 oculus,
663 964 747 1051 totus
768 985 863 1063 auris,
879 996 963 1049 totus
977 985 1153 1063 cerebrum,
1167 997 1252 1049 totam
1264 984 1438 1063 brachium,

153 1104 238 1157 totus
257 1092 305 1157 vis
327 1092 491 1170 sentiendi,
521 1091 726 1179 intelligendi,
748 1091 926 1179 elegendi,
952 1091 1008 1156 sed
1027 1114 1118 1156 more
1136 1092 1266 1156 minime
1288 1091 1437 1169 humano,
1485 1128 1492 1159 ι

152 1222 241 1265 more
269 1199 397 1265 minime
432 1220 596 1285 corporeo,
632 1222 721 1265 more
749 1199 841 1264 nobis
876 1220 1006 1283 prorsus
1032 1200 1202 1288 incognito.
1262 1200 1311 1268 Ut
1337 1221 1439 1265 caecus
1495 1220 1510 1252 a

152 1332 218 1373 non
239 1310 334 1375 habet
354 1310 456 1377 ideam
472 1310 622 1390 colorum,
644 1311 689 1383 sic
708 1332 767 1375 nos
788 1310 892 1375 ideam
911 1331 978 1375 nou
998 1293 1149 1376 habemus
1169 1309 1346 1390 modorum,
1371 1314 1440 1397 qui-

152 1420 213 1483 bus
238 1420 315 1487 deus
344 1420 589 1505 sapientissimus
615 1419 708 1485 sentit
731 1432 762 1485 et
789 1418 937 1507 intelligit
959 1423 1076 1484 omnia.
1128 1420 1272 1505 Corpore
1292 1420 1380 1485 omni
1407 1432 1442 1485 et

154 1524 256 1613 figuti
279 1525 430 1611 corporat
452 1548 582 1612 prorsus
603 1526 794 1605 destituitur,
815 1526 952 1613 ideisque
972 1525 1071 1591 videri
1091 1548 1156 1596 non
1175 1540 1290 1612 potest,
1313 1548 1372 1591 nec
1384 1550 1441 1591 aa·

155 1634 225 1712 diri,
249 1656 308 1699 nec
329 1635 426 1721 tangi,
449 1654 509 1701 nec
528 1636 588 1701 sub
609 1635 712 1721 specie
732 1636 779 1701 rai
799 1636 931 1720 alicujus
945 1656 1106 1721 corporeae
1119 1637 1181 1701 coli
1202 1637 1305 1701 debet.
1349 1635 1442 1701 Ideas
1500 1630 1534 1719 ie

152 1740 303 1807 habemus
324 1742 544 1807 attributorum
563 1742 641 1829 ejus,
665 1742 721 1809 sed
740 1742 818 1829 quid
839 1743 881 1809 sit
902 1744 952 1819 rei
969 1743 1103 1829 alicujus
1122 1742 1295 1809 substantia
1312 1734 1442 1807 minime
1537 1733 1541 1739 ⁴

153 1846 380 1934 cognoscimus.
434 1844 586 1913 Videmus
608 1846 730 1915 tantum
754 1870 923 1933 corporum
945 1848 1064 1937 figuras
1087 1861 1121 1913 et
1141 1848 1271 1927 colores,
1297 1849 1452 1923 andimus,

153 1954 276 2021 tantum
298 1978 402 2034 sunus,
429 1955 586 2043 tangimus
610 1956 733 2023 tannim
759 1957 940 2042 superficias
960 1971 1117 2037 externas,
1142 1956 1305 2023 olfacimus
1328 1958 1442 2023 odores

154 2062 249 2140 solos,
265 2074 297 2129 et
310 2047 471 2150 gustamus
485 2078 631 2149 sapores:
652 2064 780 2157 intimas
792 2064 980 2129 substantias
993 2065 1084 2129 nullo
1096 2086 1200 2143 sensu,
1218 2064 1304 2141 nulli
1320 2064 1443 2129 actione

154 2171 270 2236 reflexi
294 2170 530 2260 cognoscimus3
562 2185 595 2237 at
617 2158 847 2237 multominus
869 2170 975 2235 ideam
997 2169 1150 2236 habmnus
1172 2170 1355 2235 substantiae
1379 2170 1442 2235 dei.

141 2276 257 2355 ¹Hunc
278 2276 496 2365 cognoscimus
517 2276 713 2345 solummodo
734 2297 793 2360 per
805 2276 1012 2366 propietates
1026 2277 1093 2361 ejus
1106 2288 1139 2341 et
1152 2276 1309 2353 attributa,
1331 2287 1364 2340 et
1383 2258 1458 2361 per*

154 2384 394 2471 sapientissimas
409 2395 441 2449 et
455 2383 587 2468 optimas
599 2404 708 2449 rerum
721 2393 892 2447 stmcttuas
905 2393 938 2447 ct
951 2402 1060 2450 causas
1074 2381 1194 2460 finales,
1207 2395 1239 2449 et
1251 2382 1444 2448 mamus
1462 2400 1468 2412 ¹

157 2494 200 2559 ob
219 2490 444 2577 perfectionem
468 2508 654 2553 veneramur
675 2497 779 2551 autem
801 2498 833 2551 et
856 2487 987 2553 colimus
1008 2488 1051 2553 ab
1072 2488 1256 2555 dominium.
1302 2489 1445 2556 Colimus

155 2601 239 2665 enim
259 2609 297 2663 ut
317 2596 409 2672 servi,
432 2605 464 2659 et
479 2593 557 2667 deus
571 2593 639 2659 siue
652 2591 801 2670 dominio,
816 2591 1023 2676 providentii,
1046 2606 1079 2657 et
1091 2595 1191 2659 causis
1206 2595 1352 2659 finalibus
1365 2595 1445 2659 nihil

155 2704 241 2770 aliud
263 2714 310 2769 est
331 2698 426 2787 quim
446 2698 546 2763 fatum
560 2710 727 2766 etnatura.
771 2699 804 2763 A
819 2695 909 2773 ⁵carreis
922 2699 1106 2770 necessitate
1126 2700 1349 2788 metaphysica,
1371 2724 1444 2788 quae
1551 2697 1555 2713 '

154 2815 261 2900 utique
283 2811 391 2880 eadem
413 2821 462 2878 est
484 2830 608 2896 semper
628 2821 660 2874 et
680 2808 805 2896 ubique,
828 2806 917 2874 nulla
936 2806 1037 2874 oritur
1055 2830 1161 2874 rerum
1174 2810 1314 2876 variatio.
1360 2811 1444 2876 Tota

4 2909 6 2963 Ᾰ
53 2935 56 2939 ’
154 2942 262 2986 rerum
283 2919 481 2986 conditarum
500 2937 560 3004 pro
581 2915 709 2984 loaisae
722 2916 917 3002 temporibus
929 2900 1105 2992 diversitas,
1120 2916 1161 2980 ab
1174 2917 1265 2995 ideis,
1286 2929 1319 2980 et
1332 2917 1445 2980 volun-

154 3039 220 3092 tate
242 3027 324 3091 entis
345 3021 520 3108 necessarii)
542 3023 703 3106 existentis
725 3023 923 3108 solummodo
943 3022 1020 3086 oriri
1040 3023 1153 3108 potuit.
1197 3024 1324 3088 Dicitur
1337 3037 1443 3103 autem

105 3145 110 3162 “’
157 3135 234 3200 deus
256 3156 314 3220 per
336 3133 518 3222 allegoriam
539 3132 654 3212 videre,
678 3133 795 3210 audire,
818 3133 916 3219 loqui,
939 3132 1053 3209 ridere,
1078 3155 1192 3210 amare,
1219 3133 1293 3196 odio
1314 3133 1443 3210 habere,
1509 3158 1515 3171 ·

156 3263 281 3328 cupere,
298 3243 384 3320 dare,
400 3241 552 3326 accipere,
568 3240 715 3329 gaudere,
731 3241 832 3319 irasci,
848 3263 1001 3328 pugnare,
1017 3239 1179 3319 fabricare,
1202 3242 1346 3319 condere,
1369 3264 1444 3306 con-

90 3421 93 3432 ,
156 3362 285 3414 struere.
330 3347 416 3412 Nam
438 3369 540 3412 sermo
563 3347 664 3412 omnis
685 3348 726 3412 de
747 3346 808 3412 deo
822 3371 842 3412 a
855 3330 949 3411 rebus
967 3346 1112 3411 humanis
1131 3369 1190 3432 per
1210 3328 1445 3412 similitudinem

162 3460 299 3544 aliquam
313 3457 496 3534 desumitur,
511 3479 576 3524 non
590 3455 758 3541 perfectam
773 3456 910 3542 quidem,
925 3455 983 3520 sed
994 3455 1160 3542 aliqualem
1174 3460 1292 3520 tamen.
1319 3457 1363 3522 Et
1375 3456 1445 3520 luec

157 3565 198 3629 de
212 3565 296 3644 Deo,
312 3563 353 3628 de
367 3585 430 3650 quo
443 3563 551 3649 utique
565 3582 606 3627 ex
620 3561 835 3647 phaenomenis
846 3561 1008 3641 disserere,
1019 3561 1061 3626 ad
1074 3561 1305 3648 pbilosopluam
1318 3574 1444 3625 natura-

155 3673 218 3738 lem
233 3672 377 3756 pertinet.
1241 3675 1250 3685 '

215 3779 382 3844 Hactenus
406 3774 614 3861 phoenomena
636 3773 843 3840 coelorumet
868 3774 965 3854 mans,
989 3773 1087 3840 nostri
1108 3796 1167 3858 per
1191 3774 1255 3838 vim
1283 3773 1444 3861 gravitatis

155 3885 298 3968 exposui,
315 3882 372 3948 scd
386 3903 514 3947 causam
526 3881 687 3970 gravitatis
701 3881 843 3946 nondum
858 3882 1022 3968 assignavi.
1067 3879 1179 3945 Oritur
1193 3880 1302 3966 utique
1315 3878 1384 3944 baec
1398 3881 1445 3944 vis

157 4017 176 4057 a
198 3993 291 4059 causti
313 3992 427 4079 aliqui,
451 4013 522 4077 quae
542 4005 686 4077 penetrat
700 3993 741 4056 ad
756 4014 854 4065 uscue
869 4002 977 4055 centra
994 3989 1077 4054 Solis
1097 4001 1129 4053 et
1150 3989 1356 4074 planetarum,
1379 3989 1446 4053 sine
1566 4065 1570 4072 ¹

156 4103 279 4168 virtutis
294 4102 520 4178 diminutione3
543 4123 675 4188 quaeque
690 4115 756 4188 agrt
769 4122 835 4164 non
848 4121 909 4186 pro
923 4097 1094 4184 quantitate
1108 4099 1328 4181 superficierum
1347 4095 1445 4182 parti·

158 4213 309 4290 cularum,
332 4213 366 4275 in
387 4233 465 4297 quas
487 4211 552 4299 agit
574 4216 624 4296 (ut
645 4210 747 4274 solent
768 4229 873 4273 causae
892 4207 1095 4288 mechanicas)
1118 4206 1172 4306 sed
1193 4228 1254 4290 pro
1275 4208 1446 4293 quantitate
1526 4256 1531 4264 .
1599 4204 1601 4211 ’

156 4320 296 4384 materiae
317 4322 423 4384 solrilae
434 4356 446 4394 ‚·
470 4330 502 4384 et
523 4321 611 4405 cujus
634 4319 715 4383 actio
736 4318 770 4380 in
790 4317 958 4382 immensas
972 4315 1134 4384 distantias
1148 4315 1289 4404 undique
1303 4317 1446 4381 extendi·

155 4441 218 4505 tur,
242 4427 450 4492 decrescendo
466 4449 589 4513 semper
609 4428 643 4490 in
665 4425 821 4512 duplicati
837 4428 957 4491 ratione
972 4425 1198 4491 distantiarum.
1245 4427 1391 4492 Gravitas
1412 4428 1446 4492 in

158 4537 265 4604 Solem
286 4539 485 4623 componitur
506 4560 545 4602 ex
568 4537 771 4624 gravitatibus
793 4537 827 4600 in
849 4536 986 4624 singulas
1004 4535 1084 4600 Solis
1105 4536 1284 4620 particulas,
1308 4551 1340 4601 et
1360 4559 1446 4601 rece·

158 4646 308 4713 dendoa
337 4648 410 4714 Sole
424 4629 584 4736 decrescit⁴
602 4645 745 4712 accurate
769 4648 802 4711 in
828 4645 986 4730 duplicati
1015 4645 1133 4710 ratione
1161 4647 1377 4712 distantiarum
1405 4645 1447 4711 ad
