3392 5675
153 442 264 509 nmen
279 436 458 515 Tannus]
494 430 744 499 ,errrorem
769 424 1138 495 nnrnemmcn
1341 474 1343 478 ,
1393 437 1431 499 u

383 691 667 761 rnoeosrrro
690 689 826 755 xxix.
873 666 1131 753 eueniunt
1154 688 1200 752 x.

556 864 697 928 Invenire
709 862 907 924 variationem
921 858 1030 919 Line.

128 1058 130 1063 ·
199 1040 238 1124 (¹¹)
262 1037 373 1103 Oritur
397 1036 466 1099 haec
490 1034 681 1119 inaequalitss
706 1030 821 1115 partim
845 1050 888 1093 ex
910 1028 1011 1091 formis
1037 1027 1172 1111 elliptici
1198 1030 1281 1093 orbis
1306 1028 1433 1099 runaris.

154 1146 269 1231 partim
283 1166 322 1208 ex
336 1140 545 1227 inaequalitate
565 1150 796 1203 momentorum
810 1157 901 1211 areae,
925 1153 1019 1220 quam
1034 1135 1128 1198 Luna
1141 1136 1231 1198 radio
1244 1137 1286 1199 ad
1301 1137 1434 1200 Terram

156 1257 250 1320 ducto
265 1254 420 1319 describit
466 1252 500 1317 si
523 1251 614 1314 Luna
631 1249 706 1313 Pin
719 1246 820 1329 ellipsi
835 1246 869 1309 D
887 1246 916 1308 B
931 1246 960 1307 C
975 1245 1006 1307 A
1021 1245 1102 1307 circa
1118 1244 1252 1315 Terram
1274 1244 1308 1306 in
1327 1258 1437 1308 centro

155 1365 298 1449 ellipseos
313 1364 523 1449 quiescentem
537 1368 724 1433 moveretur,
747 1368 779 1419 et
793 1353 882 1417 radio
897 1352 929 1415 T
945 1352 972 1415 P
992 1352 1034 1415 ad
1049 1352 1183 1415 Terrem
1203 1351 1298 1414 ducto
1320 1352 1436 1415 descri-

155 1474 244 1537 beret
258 1494 362 1537 aream
377 1471 406 1533 C
421 1468 453 1545 T
470 1469 497 1532 P
511 1465 644 1551 tempori
656 1460 941 1547 proportionalem:
965 1471 1046 1521 esset
1060 1470 1165 1522 autem
1179 1458 1323 1541 ellipseos
1346 1460 1437 1520 semi·
1517 1486 1524 1521 ·,

156 1581 309 1644 diameter
322 1577 458 1640 maxima
473 1575 502 1637 C
517 1572 549 1637 T
563 1573 604 1636 ad
618 1568 896 1634 semi-diametrum
919 1564 1078 1627 minimam
1093 1564 1125 1631 T
1139 1565 1228 1627 Aut
1249 1570 1290 1630 70
1312 1564 1353 1625 ad
1375 1574 1436 1628 69:

107 1659 119 1683 ⁹
157 1690 204 1775 (¹)‘
213 1668 293 1753 toret
307 1698 439 1771 tangens
454 1680 560 1769 anguli
575 1680 603 1743 C
618 1679 650 1742 T
662 1678 689 1742 P
704 1676 745 1741 ed
758 1685 939 1763 tangentem
959 1671 1066 1759 anguli
1079 1671 1183 1736 motlls
1197 1671 1293 1735 medii
1306 1696 1326 1735 a
1340 1662 1438 1758 quadss

190 1862 225 1927 (“)
245 1864 258 1893 ”
280 1861 360 1908 Oritur
378 1861 427 1905 boc
445 1856 595 1917 inequalitas,
615 1852 658 1899 &c
701 1848 783 1911 Pergit
813 1844 1013 1893 centrustint
1030 1845 1173 1904 tempon'bus
1189 1846 1378 1905 proportionales,
1397 1846 1439 1893 de.

158 1928 289 1975 Newtonus
297 1916 520 1983 inhypothesiquod
526 1912 615 1964 semoti
624 1914 684 1963 Solis
692 1913 783 1960 acucue
814 1910 926 1957 mritatur
944 1909 1045 1955 circulus
1055 1907 1137 1957 eodem
1148 1918 1235 1961 centu,
1253 1910 1318 1956 radio
1330 1911 1352 1957 T
1365 1912 1393 1967 C,
1413 1911 1439 1955 in

158 1990 220 2038 orbis
232 1989 309 2035 Lunae
319 1984 437 2033 circularis
448 1982 522 2039 foret3
539 1980 565 2026 in
575 1978 713 2039 precedenti
728 1974 783 2023 verd
815 1973 866 2035 ejus
876 1972 956 2019 circuli
966 1969 1152 2019 circumferentiit
1162 1981 1283 2019 moveatur
1292 1974 1363 2020 Luna
1373 1982 1440 2020 motu

159 2046 624 2113 Propositioue,determinavitqunmnam
631 2040 783 2089 mutationem
814 2034 901 2092 medio,
922 2044 1073 2096 utunturque
1089 2034 1115 2080 in
1133 2050 1162 2081 eo
1181 2036 1269 2082 circulo
1289 2052 1356 2084 arcus
1376 2038 1397 2083 C
1415 2048 1438 2083 11

158 2118 279 2167 induceret
296 2114 331 2161 rili
342 2112 429 2159 circulo
438 2110 474 2157 via
486 2108 556 2165 Solis,
570 2103 685 2169 quitenus
695 2120 723 2151 ea
732 2104 784 2167 ejus
814 2099 913 2159 tempori
923 2098 996 2145 cuivis
1004 2097 1059 2145 dato
1067 2098 1249 2161 proportionalis,
1258 2100 1329 2147 duct„
1336 2099 1442 2146 ordinm

157 2181 234 2244 portio
249 2178 437 2239 assumiturque
453 2173 481 2221 ad
496 2181 604 2223 ,centrum
614 2170 687 2217 Terra
697 2174 784 2228 spectet
816 2172 840 2209 Π
854 2162 876 2209 Ρ
895 2162 930 2218 Κ,
949 2161 1002 2208 dico
1018 2161 1081 2223 quod
1099 2176 1153 2208 crea
1169 2159 1270 2222 elliptica
1288 2164 1311 2209 T
1323 2164 1344 2210 C
1358 2164 1441 2209 Pueris

157 2256 248 2295 etcum
258 2241 369 2305 gravium
381 2240 458 2286 Luce
468 2250 547 2283 rusus
558 2236 655 2283 Terram
666 2233 782 2288 sociatur;
814 2225 915 2285 tempori
931 2224 1114 2285 proportionalia,
1126 2226 1177 2271 boc
1196 2236 1232 2272 esc
1240 2226 1306 2287 quod
1320 2235 1370 2272 tcta
1387 2242 1441 2273 m,

157 2311 244 2372 itaque,
261 2314 356 2365 sumpto
366 2318 450 2351 novam
461 2300 561 2363 figuram
578 2300 639 2345 orbis
649 2296 738 2344 lunaris
754 2294 784 2341 ad
815 2289 917 2350 elliptica
926 2289 971 2335 erit
980 2288 1010 2335 ad
1020 2296 1193 2335 eumsectorem
1205 2290 1228 2335 T
1238 2292 1258 2338 C
1269 2291 1290 2336 P
1300 2300 1329 2337 ut
1338 2299 1372 2336 est
1382 2300 1440 2335 tem.

159 2373 260 2433 ellipsim
279 2384 347 2431 posse
369 2364 478 2422 revomi,
501 2364 642 2410 demonstrat
662 2360 689 2407 in
711 2359 781 2419 Pmp.
814 2368 861 2413 pus
869 2352 1016 2413 periodicunr
1024 2352 1103 2399 Lunae
1112 2351 1144 2399 ad
1153 2362 1245 2413 ternpus
1255 2353 1344 2401 datum.

159 2435 302 2499 precedente
310 2448 362 2481 eam
370 2430 469 2490 ellipsim
477 2428 603 2475 talemesse
613 2434 641 2471 ut
651 2423 701 2471 nris
711 2425 785 2486 major
850 2417 895 2465 Est
905 2416 969 2463 enim
979 2424 1028 2462 tota
1037 2415 1117 2463 cuculi
1125 2408 1310 2463 circumferentia
1320 2419 1351 2463 ed
1361 2432 1441 2463 arcum

158 2503 189 2549 sit
198 2501 228 2549 ed
239 2499 353 2545 minorem
363 2505 392 2543 ut
402 2500 433 2543 to
441 2484 470 2541 ad
480 2499 522 2550 ⁶93
533 2500 612 2538 motus
621 2497 700 2535 autem
708 2488 785 2534 Lunai
818 2480 839 2529 C
852 2490 883 2537 11,
901 2480 948 2526 sive
959 2489 1021 2526 totus
1031 2478 1132 2525 circulus
1150 2480 1181 2525 ad
1200 2495 1276 2527 aream
1298 2482 1318 2528 C
1331 2482 1353 2527 T
1365 2491 1396 2537 11,
1415 2490 1442 2526 ut

158 2568 186 2613 in
204 2564 246 2611 teli
262 2561 337 2622 ellipsi
348 2558 416 2607 debet
431 2557 482 2603 fieri
497 2556 531 2603 ite'
546 2563 649 2602 uterere
665 2551 785 2610 descripta
816 2552 909 2605 tempus
927 2544 1071 2603 periodicum
1081 2552 1157 2591 totum
1173 2543 1204 2589 ad
1219 2544 1402 2603 ternpusdatum
1413 2560 1442 2589 ex

158 2631 221 2677 circa
231 2636 337 2674 centrum
348 2625 428 2672 Terrae
443 2621 490 2667 sint
505 2618 647 2678 temporibus
657 2615 784 2675 proportio.
816 2606 993 2661 constructione,
1014 2606 1055 2652 sed
1072 2622 1101 2652 ex
1120 2605 1177 2652 nori
1197 2606 1277 2653 circuli
1295 2619 1319 2653 et
1337 2608 1442 2665 ellipseos

159 2692 232 2749 noles,
245 2690 300 2752 quin
306 2689 365 2737 vires
371 2702 424 2749 quie
434 2691 592 2739 assumuntur,
603 2680 633 2727 ad
643 2680 669 2726 id
679 2688 786 2727 centrum
817 2670 962 2731 proprietate,
974 2679 1009 2717 est
1018 2678 1125 2715 totam
1132 2670 1234 2729 etliptica
1243 2671 1273 2717 ed
1283 2680 1357 2717 msam
1364 2686 1442 2717 aream

160 2756 309 2819 diriguntur;
327 2751 429 2811 cumque
445 2746 561 2797 areseillae
579 2744 693 2803 ellipticae‚
711 2758 786 2807 angu-
817 2730 896 2781 circuli
914 2742 942 2780 ut
962 2734 985 2780 T
998 2734 1021 2779 A
1040 2732 1070 2778 ad
1089 2734 1110 2780 C
1129 2733 1158 2789 T,
1176 2743 1200 2778 et
1217 2733 1302 2793 pariter
1318 2745 1352 2781 est
1369 2744 1443 2781 sector

160 2821 190 2870 lis
203 2819 229 2867 in
242 2826 322 2866 centro
330 2814 397 2862 iactis
409 2808 590 2875 proportionales
604 2822 652 2856 non
668 2806 723 2866 sint,

160 2885 265 2947 sequitur
275 2881 328 2930 illos
334 2878 433 2942 surdos
443 2878 468 2923 in
478 2884 557 2924 centro
567 2873 629 2920 sacto
634 2881 723 2932 tempo-

160 2943 409 3008 ribusproportioneles
414 2957 462 2990 non
468 2955 523 2993 esse,
530 2935 629 3000 ideoque
636 2933 725 2997 aliquid

162 3002 637 3074 corrigendumessemntuimedioLunae,
645 2999 725 3061 inquo

163 3075 245 3138 anguli
261 3075 287 3120 in
298 3081 377 3120 centro
389 3071 467 3118 Te'rre
477 3066 532 3114 facti
542 3063 724 3125 proportionales

162 3139 306 3198 temporibus
316 3143 474 3189 assumuntur,
487 3139 514 3177 ut
524 3131 637 3175 habeatur
649 3127 725 3174 Lunae

162 3213 242 3256 motus
256 3215 341 3257 rerus3
364 3207 387 3246 et
401 3199 454 3244 bec
470 3193 581 3242 comendo
601 3191 726 3238 cometae

163 3275 250 3328 partem
256 3261 395 3319 variationis,
404 3275 456 3324 quoe
463 3266 504 3314 est,
511 3257 537 3302 in
543 3253 587 3302 hic
595 3253 724 3316 hypothesi,

162 3347 230 3378 arctu
240 3329 381 3387 interceptus
392 3325 452 3372 inter
463 3322 543 3368 locum
557 3317 662 3366 medium
674 3318 724 3364 Lu-

162 3411 200 3442 me
211 3403 235 3442 et
244 3394 324 3441 locum
335 3391 355 3436 e'
375 3405 386 3436 s
395 3401 484 3443 rerum,
496 3392 520 3430 et
529 3386 579 3430 beo
590 3397 642 3442 pers
652 3381 725 3428 varia·

9 3465 11 3524 ζ
92 3471 94 3476 “
163 3460 233 3507 tionis
242 3475 268 3506 ec
269 3459 337 3520 form
364 3449 469 3514 ecliptico,
480 3463 551 3510 quam
562 3441 657 3494 ossuum
667 3447 725 3492 orbis

163 3525 253 3573 lunaris
262 3535 305 3581 per
317 3517 377 3566 Solis
387 3515 509 3569 octonem,
520 3514 601 3559 oritur.
626 3519 631 3532 “

198 3586 280 3634 Altera
290 3598 343 3644 pars
352 3579 483 3628 sanctonis
494 3578 566 3622 on'tur
577 3589 605 3621 ex
616 3572 644 3620 cd
654 3573 725 3619 actio-

164 3651 202 3698 nis
211 3649 271 3698 Solis
279 3657 344 3708 perte
353 3657 424 3708 quem
434 3639 587 3690 consideravit
596 3638 726 3686 Newtonus

166 3715 238 3776 Prop.
253 3701 357 3759 xxvl-
377 3717 401 3756 et
417 3703 465 3770 qui
483 3703 510 3750 tt
526 3711 554 3750 ut
567 3703 623 3763 ipsae
634 3716 693 3748 arere
712 3717 726 3747 a

165 3777 240 3828 Luni
254 3775 373 3835 descriptis
388 3767 531 3831 temporibus
546 3781 594 3812 non
611 3765 657 3812 sint
672 3779 725 3824 pro.

165 3839 320 3903 portionales;
338 3853 389 3884 area
401 3837 478 3896 itaque
488 3830 585 3892 tempori
596 3827 731 3891 proportin.

168 3907 228 3954 ualis
249 3899 385 3965 corrigenda
404 3909 445 3955 est,
467 3895 538 3959 idque
559 3891 728 3941 detrahendum

9 3957 10 3964 ἵ
94 3983 102 4001 t
166 3970 204 4018 rel
218 3967 353 4018 addendum
368 3963 432 4026 quod
448 3960 544 4008 debetur
559 3957 592 4004 illi
609 3955 701 4012 actioni,
718 3955 791 4017 quod-
826 3949 846 3999 C
858 3951 882 3998 T
893 3949 915 3997 P
930 3949 960 3996 ad
978 3952 998 3998 C
1011 3951 1034 3998 T
1046 3960 1069 3998 11
1081 3959 1109 3997 ut
1120 3950 1143 3997 T
1155 3949 1178 3996 A
1189 3949 1219 3996 ad
1232 3949 1252 3995 C
1264 3946 1287 3993 T
1298 3947 1363 4007 (nam
1374 3941 1446 3988 uian-

167 4049 213 4096 que
228 4049 269 4094 per
285 4028 480 4077 oonsuuctionem
500 4022 579 4098 Probl.
599 4019 671 4066 nostri
691 4035 715 4066 n.
730 4025 789 4094 '112
823 4014 881 4126 {ula
898 4013 1016 4062 rectilinea
1027 4015 1049 4061 T
1062 4014 1083 4060 P
1096 4014 1129 4069 K,
1150 4013 1206 4059 ΤΠ
1220 4011 1246 4058 Κ
1264 4017 1319 4054 sunt
1336 4015 1364 4053 ut
1381 4008 1447 4053 boses

167 4097 319 4146 determinare
344 4092 484 4140 facillimum
510 4096 572 4141 eutr
600 4097 672 4147 quam
698 4082 792 4144 quidem
860 4077 893 4132 K,
907 4089 930 4125 Π
944 4079 986 4136 Κ.;
1003 4094 1062 4125 arete
1079 4076 1211 4124 currilineae
1230 4073 1285 4120 CP
1297 4071 1330 4124 K,
1352 4070 1406 4117 Cn
1419 4068 1446 4118 K

168 4161 363 4211 constructionem
373 4171 421 4203 non
432 4152 496 4201 dedit
507 4153 645 4205 Newtonus‚
661 4148 727 4208 quasi
742 4162 791 4194 me·
824 4143 962 4199 centenam,
970 4157 998 4188 ex
1008 4139 1178 4200 notiellipseos
1188 4146 1212 4182 et
1221 4135 1301 4184 circuli
1309 4133 1447 4194 proprietate
1542 4183 1554 4204 x

168 4226 285 4274 diocribus
307 4231 409 4270 uteretur
430 4215 597 4280 quantitatibus
618 4227 646 4259 ex
669 4225 743 4271 aequo,
765 4219 793 4256 ut
820 4215 852 4252 'ut
871 4207 893 4253 P
911 4207 936 4253 K
955 4206 986 4252 ad
1005 4215 1028 4251 n
1048 4205 1082 4258 K,
1099 4219 1156 4264 ergo
1173 4200 1216 4247 uti
1233 4208 1332 4246 meteres
1349 4198 1404 4245 CT
1418 4197 1448 4254 P,

168 4289 241 4346 aiuirt,
253 4297 277 4336 et
286 4289 348 4334 bono
356 4282 484 4343 assumptis,
495 4278 576 4328 verbm
586 4276 625 4323 vir
636 4272 792 4322 dubitandum
826 4271 846 4317 C
860 4271 882 4316 T
893 4279 915 4316 Π
928 4279 983 4315 sunt
994 4278 1021 4316 ut
1033 4268 1054 4314 P
1065 4267 1089 4313 x
1099 4267 1130 4312 ad
1142 4275 1164 4311 11
1178 4263 1210 4317 K,
1223 4279 1276 4325 quas
1286 4271 1341 4308 sunt
1352 4270 1379 4308 ut
1390 4260 1413 4307 T
1423 4261 1447 4306 A

168 4354 227 4416 quin
245 4352 275 4400 ad
292 4353 352 4396 banc
367 4348 402 4394 vel
419 4345 518 4394 similem
536 4340 739 4402 constructionem,
756 4351 792 4382 re·
824 4333 855 4380 ed
868 4334 888 4380 C
900 4332 943 4394 T,)
962 4347 1019 4394 ergo
1029 4341 1077 4377 tota
1087 4343 1141 4374 area
1151 4327 1251 4387 elliptica
1269 4325 1352 4373 estad
1370 4339 1448 4370 aream

169 4418 276 4479 spexerit,
295 4415 312 4460 ii
329 4412 392 4458 enim
410 4425 458 4466 non
476 4417 541 4456 erant
557 4419 624 4452 cesus
642 4402 726 4465 quibus
742 4403 793 4446 brec
824 4397 904 4444 circuli
916 4406 943 4443 ut
950 4395 1052 4442 sectorC
1062 4393 1085 4439 T
1094 4392 1115 4438 P
1125 4390 1156 4438 ad
1168 4392 1220 4452 CT
1228 4402 1259 4448 Π,
1271 4399 1295 4436 et
1305 4387 1448 4444 alternando,

169 4481 247 4528 media
258 4479 308 4526 sine
319 4473 512 4523 demonstratione
523 4468 609 4518 assumi
618 4464 794 4528 possentaviro
826 4470 875 4508 tota
893 4475 946 4509 area
964 4457 1064 4516 clliptica
1083 4454 1113 4501 ad
1131 4464 1243 4502 sectorem
1256 4455 1275 4502 C
1288 4454 1310 4500 T
1323 4453 1351 4507 P,
1369 4461 1397 4498 ut
1415 4461 1450 4496 est

170 4541 262 4594 summe
272 4549 380 4590 accurato
392 4546 415 4584 et
425 4535 560 4596 perspicace.
826 4523 907 4571 circuli
917 4536 970 4568 area
980 4520 1010 4566 td
1022 4516 1042 4567 C
1056 4519 1078 4566 T
1089 4528 1121 4572 n,
1139 4534 1181 4566 seu
1190 4530 1218 4566 ut
1228 4527 1263 4566 est
1273 4527 1365 4576 tempus
1374 4514 1450 4576 perip-

166 4627 175 4676 ‚¹
203 4605 240 4673 (¹)
260 4611 274 4638 ⁸
295 4609 366 4655 Fores
381 4603 462 4662 unguii
477 4608 580 4674 torpens.
616 4593 651 4642 Sit
663 4593 685 4640 0
697 4593 720 4638 A
734 4591 758 4639 D
772 4591 793 4638 B
826 4587 913 4642 dicum,
925 4584 955 4632 ad
965 4594 1058 4644 tempus
1068 4582 1156 4630 datum.

170 4671 257 4734 ellipsis
266 4683 338 4734 quam
350 4668 421 4716 Luna
430 4663 545 4718 describit,
564 4661 597 4707 ita
615 4667 643 4705 ut
659 4671 718 4704 arete
734 4655 796 4702 circa
860 4648 885 4698 Si
896 4664 952 4712 ergo
961 4663 1015 4696 area
1027 4647 1149 4697 CTPsit
1158 4645 1257 4706 tempori
1267 4639 1452 4705 proportiomlis,
