3392 5675
272 426 331 485 106
378 420 381 425 ’
416 444 421 454 ·
579 416 918 485 PHILOSOPHIAE
942 411 1553 492 NATURALlS[D1tMuuu.Srsr.

269 587 374 684 anguli
400 587 443 649 sic
466 585 591 662 inventi,
617 588 660 650 ita
685 589 724 649 θ’.
751 589 821 651 201.
849 586 989 650 suntad
1013 584 1220 674 aequationem
1249 582 1347 646 centri
1372 581 1552 661 secundans,

269 695 458 772 addendam,
476 696 501 757 si
522 716 642 757 summa
663 694 715 758 illa
735 696 774 760 sit
794 695 898 758 minor

270 800 486 876 semi-circulo,
503 800 735 863 subducendam
749 802 774 862 si
788 804 896 885 major.

271 910 323 973 Sic
337 909 501 972 habebitur
518 910 583 991 ejus
598 909 762 995 longitudo
774 910 807 971 iu
821 912 897 995 ipsis

269 1015 466 1079 luminarium
481 1015 621 1101 syzygiis.

313 1124 395 1189 Ciam
404 1124 611 1206 atmosphaera
623 1123 733 1186 Terrae
748 1125 788 1187 ad
799 1148 897 1211 usque

268 1232 462 1297 altitudinem
478 1230 655 1293 milliarium
671 1240 711 1295 35
727 1232 773 1295 vel
791 1241 833 1295 to
847 1255 897 1295 re·

266 1338 381 1426 fringat
402 1342 504 1404 lucem
528 1342 619 1417 Solis,
643 1354 674 1404 et
696 1341 896 1428 refringendo

267 1460 392 1533 spargat
409 1448 539 1511 eandem
560 1448 593 1510 in
614 1449 757 1512 umbram
772 1450 893 1528 Terrae,

266 1564 297 1617 et
312 1554 486 1639 spargendo
500 1556 602 1618 lucem
617 1555 650 1616 in
665 1556 801 1618 confinio
817 1558 936 1620 umbroe
951 1557 1059 1621 dilatet
1072 1557 1233 1620 umbram:
1251 1558 1289 1641 (²)
1305 1558 1346 1620 ad
1360 1558 1546 1623 diametrum

266 1661 395 1736 umbrae,
424 1681 493 1747 quae
515 1683 572 1744 per
593 1662 776 1745 parallaxim
801 1663 917 1746 prodit,
945 1663 1027 1726 addo
1052 1662 1207 1725 minutum
1232 1686 1329 1726 unum
1351 1665 1487 1746 primum
1512 1668 1546 1728 in

190 1758 192 1763 ⁵
263 1767 429 1850 eclipsibus
445 1766 556 1843 Lunae,
572 1768 621 1829 vel
636 1768 789 1831 minutum
806 1790 904 1831 unum
918 1791 991 1831 cum
1005 1770 1126 1831 triente.

309 1876 446 1939 Theoria
461 1876 536 1939 verb
552 1878 654 1940 Lunae
668 1877 770 1961 prirnb
786 1878 818 1939 in
834 1878 975 1962 syzygiis,
993 1876 1106 1941 deinde
1120 1876 1153 1937 in
1169 1876 1373 1963 quadraturis,
1390 1890 1420 1939 et
1435 1877 1544 1939 ultimi)

265 1983 296 2043 in
322 1982 496 2045 octantibus
526 2004 584 2065 per
612 1983 819 2066 phaenomena
848 1985 1020 2047 examinari
1046 1996 1078 2046 et
1101 1983 1230 2046 stabiliri
1254 1975 1356 2047 debet.
1401 1984 1443 2046 Et
1465 2008 1544 2068 opus

264 2090 363 2155 hocce
385 2114 587 2177 aggressurus
609 2104 712 2155 motus
727 2093 845 2156 medios
857 2093 944 2157 ·Solis
966 2104 998 2155 et
1019 2092 1121 2155 Lunae
1142 2090 1183 2153 ad
1203 2102 1325 2173 tempus
1340 2092 1545 2155 meridianum

263 2196 296 2258 in
314 2196 537 2262 Observatorio
552 2197 656 2283 Regio
672 2198 906 2275 Grenovicensi,
922 2200 974 2263 die
996 2198 1106 2261 ultimo
1127 2199 1242 2261 mensis
1265 2199 1449 2263 Decembris
1471 2202 1544 2267 anni

268 2311 359 2371 1700.
382 2317 419 2365 st.
442 2316 501 2365 vet.
525 2326 588 2367 non
610 2306 806 2370 incommode
827 2319 988 2396 sequentes
1005 2306 1182 2372 adhibebit:
1206 2330 1317 2394 nempe
1338 2321 1456 2374 motum
1479 2332 1544 2374 me-

263 2412 349 2474 dium
368 2412 447 2475 Solis
470 2419 502 2476 l‘l’
526 2422 600 2478 203³.
616 2418 677 2477 43¹.
694 2418 764 2479 40'2
787 2427 818 2479 et
839 2416 960 2502 apogaei
983 2418 1048 2501 ejus
1113 2422 1164 2482 '7⁸'-
1180 2417 1241 2477 tt‘.
1267 2418 1348 2491 30⁰,
1372 2431 1403 2477 et
1424 2432 1543 2479 motum

263 2518 399 2585 medium
416 2519 517 2582 Lunae
531 2532 563 2575 x
581 2528 654 2585 15⁸².
671 2524 731 2584 at'.
748 2524 830 2598 00‘'.,
854 2534 885 2584 et
900 2522 1020 2607 apogaei
1035 2523 1104 2605 ejus
1119 2529 1145 2581 >t
1165 2528 1217 2583 8⁸¹.
1234 2523 1294 2583 20¹.
1311 2523 1393 2596 00“.,
1417 2535 1448 2583 et
1468 2524 1543 2584 nodi

262 2625 455 2689 ascendentis
472 2630 503 2689 81
520 2632 594 2692 27ῑὶ
611 2629 672 2689 24¹.
689 2628 780 2702 20''.;
803 2640 835 2689 et
849 2627 1056 2692 differentiam
1070 2616 1313 2695 meridianorum
1329 2624 1542 2693 Observatorii

260 2734 353 2818 hujus
375 2746 407 2797 et
427 2734 640 2797 Observatorii
664 2736 757 2821 Regii
780 2734 962 2799 Parisiausis
981 2734 1025 2798 Ol.
1048 2736 1087 2798 9¹.
1104 2735 1174 2797 20¹2
1197 2746 1300 2796 motus
1322 2744 1425 2801 autem
1445 2733 1542 2802 medii

263 2841 365 2904 Lunae
380 2852 411 2904 et
426 2843 546 2928 apogaei
560 2845 625 2926 ejus
640 2843 780 2907 nondum
796 2844 867 2910 satis
882 2842 1025 2906 accurate
1039 2842 1202 2905 habentur.

260 3052 294 3089 est
315 3042 369 3091 verb
391 3045 410 3091 F
434 3049 463 3107 Θ
486 3063 521 3090 =
545 3044 567 3091 P
590 3045 619 3098 E,
638 3044 692 3092 crim
712 3061 767 3108 ergo

262 3107 284 3152 A
309 3107 332 3154 Ε
352 3116 386 3154 est
409 3113 483 3171 major
505 3109 667 3165 semi-circulo,
690 3117 717 3154 ut
740 3111 765 3156 iu

258 3169 340 3231 ligura,
368 3181 425 3218 tunc
454 3173 475 3218 P
503 3172 525 3219 E
553 3173 600 3218 siva
629 3173 648 3218 F
677 3177 705 3235 Θ
730 3182 765 3219 est

258 3235 335 3279 minor
356 3235 521 3292 semi-circulo,
549 3246 583 3282 est
606 3251 661 3296 ergo
685 3242 714 3300 Θ
739 3236 765 3282 in

258 3298 421 3358 consequentia
440 3308 546 3358 respectu
563 3300 643 3358 puncti
664 3301 691 3356 F,
709 3301 764 3347 hinc

258 3359 408 3407 subducenda
429 3373 463 3408 ert
484 3378 511 3409 ea
532 3364 645 3423 aequati03
663 3365 693 3411 sit
710 3360 766 3410 verb

261 3423 284 3467 A
295 3421 317 3468 E
329 3423 404 3468 minor
412 3425 566 3471 semi-circulo
575 3426 618 3472 erit
631 3427 681 3474 PE
694 3428 767 3487 major

257 3484 414 3532 sami-circulo
425 3497 452 3533 ut
462 3497 485 3534 et
498 3489 517 3533 F
528 3493 566 3550 Θ,
578 3488 675 3550 ideoque
687 3502 721 3538 est
734 3496 762 3554 Θ

257 3548 283 3592 in
292 3549 449 3599 antecedentia
457 3563 560 3610 respectu
574 3551 606 3608 F;
619 3566 766 3611 promovetur

258 3611 337 3673 itaque
347 3613 416 3658 Luna
427 3622 520 3672 propter
530 3616 589 3660 banc
598 3620 763 3675 aquationem

156 3706 165 3719 .
258 3685 369 3722 catemm
390 3691 436 3722 non
459 3685 549 3722 tantum
568 3678 592 3722 in
612 3677 765 3726 luminarium

258 3739 362 3800 syzygiis,
372 3739 411 3784 sed
420 3739 449 3785 ad
457 3749 550 3785 coeteros
560 3739 636 3786 Lunae
644 3742 766 3802 adspectus

258 3803 308 3848 lraec
325 3801 425 3861 adaptari
442 3813 544 3862 possunt,
563 3801 643 3850 verbm
662 3821 764 3852 commo.

257 3865 311 3911 dius
321 3875 357 3912 est
366 3866 509 3921 astronomis,
527 3867 640 3914 theorlam
652 3884 719 3918 suam
735 3884 764 3915 cx

257 3929 603 3990 syzygiarumobserrationibus
614 3932 731 3994 explorare
742 3943 765 3980 et

258 3993 404 4040 constituere.

290 4076 322 4138 (¹)
336 4079 348 4106 *
361 4080 398 4124 Ad
409 4080 547 4126 diametrum
558 4081 652 4126 umbra.
685 4079 765 4126 Paral-

257 4139 315 4184 luxis
333 4150 367 4186 est
385 4141 486 4202 angulus
504 4141 545 4201 qui
562 4141 710 4188 subtenditur
725 4157 766 4202 per

257 4201 315 4246 semi
328 4202 464 4250 diametrum
479 4205 556 4250 Terra
572 4219 600 4250 ex
618 4204 689 4251 Lunai
699 4221 763 4265 spec·

257 4271 327 4320 tatoe;
346 4266 395 4325 jam
416 4266 471 4313 verb
492 4277 584 4327 propter
605 4270 763 4328 atmosphaeroe

257 4325 371 4372 actionem
390 4329 414 4374 in
433 4330 508 4376 radios
525 4331 584 4378 lucis
604 4332 667 4380 idem
688 4333 765 4379 evenit
813 4366 817 4372 -

257 4400 362 4449 respectu
384 4395 473 4439 umbra
494 4409 520 4441 ac
543 4396 562 4440 si
584 4393 764 4442 semi-diameter
807 4365 842 4420 Α

259 4452 337 4500 Tcrrae
348 4457 378 4500 35
390 4455 426 4500 vel
438 4462 468 4502 40
478 4456 615 4506 milliaribus
631 4469 762 4522 augeretur,

256 4533 312 4564 uam
335 4517 394 4563 radii
416 4517 469 4564 ittae
493 4533 614 4581 pergentes
637 4535 722 4569 rectam
745 4524 805 4570 riam
829 4541 878 4574 non
909 4528 972 4590 gitur
996 4545 1053 4592 ergo
1079 4537 1229 4594 anncspbara
1254 4537 1305 4584 viee
1330 4539 1431 4598 torporis
1456 4539 1533 4599 opaci,

243 4581 392 4644 'sequuntun
416 4580 456 4626 sed
478 4581 602 4630 introrsum
627 4587 652 4630 in
676 4588 783 4634 umbram
806 4590 878 4652 conji-
909 4601 933 4638 et
958 4593 1041 4639 umbra
1062 4594 1090 4641 eri
1110 4596 1139 4643 de
1160 4600 1228 4647 causti
1253 4601 1344 4648 dilatari
1371 4603 1439 4650 debet
1464 4603 1535 4664 quasi
1599 4593 1603 4600 ’

255 4646 356 4701 ciuntur,
376 4643 429 4690 hinc
448 4653 525 4692 carent
543 4648 612 4693 radiis
629 4650 740 4696 solaribus
758 4650 809 4697 loca
824 4667 877 4712 quta
908 4655 1089 4704 semi-diameter
1108 4661 1186 4707 Tenue
1203 4664 1226 4710 iu
1244 4669 1274 4712 ‘55
1292 4666 1327 4711 vel
1344 4671 1376 4714 40
1394 4666 1534 4715 milliaribut

255 4718 316 4757 tram
332 4709 508 4769 atmospbaerem
518 4723 557 4756 eos
573 4712 673 4771 recipere
689 4715 805 4770 deberent,
821 4715 877 4762 iun-
907 4716 1052 4765 seruauere·
