3392 5675
139 430 441 513 trasimenus]
474 402 714 498 ratumne
737 433 1107 533 Marnnuarrcii.
1368 448 1429 505 ros

307 704 591 773 rnorosrmo
614 707 800 771 xxxvu.
846 708 1106 773 recensui
1129 673 1261 777 rivin.

451 920 590 985 Invenire
603 922 661 985 nim
676 922 775 985 Luaae
789 924 928 986 adnare
941 927 1119 987 movendum

182 1128 218 1215 (θ)
241 1130 297 1193 Vis
313 1130 416 1195 Lunae
430 1130 471 1195 ad
484 1152 571 1194 mara
585 1131 775 1194 movmdum
786 1131 962 1217 colligenda
975 1143 1023 1197 est
1036 1154 1077 1195 ex
1091 1134 1157 1217 ejus
1170 1137 1373 1219 proportione
1387 1138 1427 1202 ad

19 1272 20 1275 ¹
133 1240 200 1302 vim
216 1240 308 1315 Solis,
332 1252 364 1303 et
377 1239 446 1303 haec
460 1241 623 1323 proportio
637 1240 814 1326 colligenda
827 1253 877 1305 est
890 1264 931 1305 ex
943 1244 1147 1327 proportione
1161 1257 1303 1309 motuum
1322 1247 1425 1325 maris,

19 1416 20 1433 ,
135 1350 190 1433 qui
205 1349 245 1411 ab
259 1348 308 1411 his
323 1348 439 1412 viribus
454 1349 605 1412 oriuntur.
638 1351 722 1413 Ante
737 1351 852 1429 ostium
862 1339 949 1413 fluvii
964 1354 1086 1415 Avonoe
1101 1353 1141 1417 ad
1154 1354 1291 1437 lapidem
1300 1356 1426 1419 tertium

19 1436 21 1517 ¹,
106 1456 217 1557 ¹infra
243 1456 435 1535 Bristolium,
463 1469 603 1541 tempore
627 1476 732 1525 verno'
750 1470 787 1522 et·
803 1461 976 1525 autumnali
1000 1474 1084 1526 totus
1109 1484 1199 1548 aquae
1223 1485 1368 1527 ascensus
1393 1463 1427 1525 in
1482 1438 1494 1463 ⁶

135 1564 353 1647 conjunctione
368 1575 400 1657 et
414 1554 609 1648 oppositione
624 1563 833 1641 luminarium,
850 1566 1033 1630 observante
1050 1568 1194 1631 Samuele
1210 1570 1359 1646 Sturmio,
1380 1580 1427 1633 est

132 1670 251 1755 pedum
265 1670 335 1753 plus
350 1671 452 1734 minus
468 1679 520 1747 45,
544 1671 576 1732 in
592 1670 788 1755 quadraturis
803 1683 908 1735 autem
921 1685 969 1737 est
982 1672 1099 1756 pedum
1112 1686 1232 1737 tantum
1248 1684 1299 1741 25.
1344 1677 1424 1740 Alti-

18 1824 19 1827 ,
134 1780 212 1843 tudo
232 1780 319 1863 prior
345 1800 385 1843 ex
407 1776 526 1841 summi
553 1778 673 1855 virium,
697 1778 851 1861 posterior
871 1801 912 1841 ex
936 1780 1106 1843 earundem
1127 1781 1299 1846 differentia
1314 1783 1423 1847 oritur.
1460 1832 1467 1847 .

134 1888 216 1953 Solis
239 1889 335 1975 igitur
360 1899 392 1951 et
417 1887 519 1950 Lunae
543 1886 576 1948 in
592 1898 760 1971 'arquatore
785 1887 974 1951 versantium
999 1900 1031 1951 et
1054 1888 1254 1952 mediocriter
1271 1914 1297 1980 'a
1323 1890 1423 1955 Termi

132 1997 312 2061 distantium
324 2007 418 2059 sunto
432 1996 514 2059 vires
532 1996 555 2059 S
570 2006 602 2059 et
617 1995 657 2072 L,
680 2007 712 2059 et
726 1996 786 2059 erit
801 1996 831 2059 L
849 2006 881 2071 †
904 1998 928 2060 S
942 1996 983 2061 ad
999 1997 1028 2060 L
1042 2034 1087 2047 -
1102 1999 1125 2062 S
1141 2009 1176 2061 ut
1189 2007 1231 2067 45
1246 1998 1287 2062 ad
1302 2006 1354 2075 25,
1370 2022 1425 2063 seu

133 2112 154 2167 9
171 2102 210 2165 ad
228 2110 274 2166 ὄπ
513 2104 514 2107 ’
1247 2150 1251 2157 -

147 2210 151 2219 ’
176 2212 214 2275 ln
231 2223 326 2296 portu
343 2210 504 2296 Plymuthi
518 2222 612 2275 aestus
627 2203 720 2273 maris
736 2233 776 2274 ex
790 2211 1006 2274 observatione
1023 2211 1174 2275 Samuelis
1191 2213 1368 2297 Colepressi
1382 2212 1422 2275 ad

130 2320 227 2403 pedes
241 2320 314 2403 plus
329 2320 431 2383 minus
443 2320 599 2383 sexdecim
611 2319 772 2383 altitudine
781 2301 934 2381 mediocri
948 2319 1107 2395 attollitur,
1123 2342 1160 2383 ac
1173 2331 1313 2404 tempore
1327 2342 1424 2385 verno

15 2490 17 2517 ι
130 2438 163 2489 et
177 2425 349 2489 autumnali
364 2426 495 2489 altitudo
509 2424 602 2488 aestbs
618 2426 652 2487 in
667 2424 798 2511 syzygiis
815 2446 962 2507 superare
975 2435 1079 2508 potest
1100 2424 1295 2490 altitudinem
1310 2428 1376 2510 ejus
1390 2429 1423 2493 in

15 2518 16 2579 Ῠ
131 2531 330 2617 quadraturis
345 2530 477 2614 pedibus
491 2531 563 2614 plus
577 2542 695 2614 septem
710 2529 760 2593 vel
775 2540 857 2592 octo.
903 2530 1088 2593 Simaximo
1098 2528 1209 2591 harum
1224 2531 1421 2597 altitudinum

131 2636 305 2700 differentia
320 2638 359 2700 sit
372 2636 488 2720 pedum
503 2658 626 2712 novem,
643 2636 701 2699 erit
717 2636 746 2697 L
763 2644 796 2711 -Ι-
813 2636 836 2699 S
851 2634 892 2697 ad
907 2636 937 2699 L
951 2672 995 2685 -·
1011 2636 1035 2699 S
1048 2646 1084 2697 ut
1099 2639 1160 2715 20}
1177 2635 1218 2697 ad
1233 2644 1294 2720 114
1309 2661 1364 2702 seu
1379 2649 1417 2703 41

15 2740 17 2777 ³
129 2746 169 2809 ad
185 2754 237 2810 23.
284 2745 550 2830 Quae'proportio
575 2744 648 2808 satis
673 2742 817 2830 congruit
843 2764 915 2807 cum
938 2745 1052 2828 priore.
1097 2742 1151 2808 Ob
1174 2746 1421 2831 magnitudinem

129 2854 223 2919 [estiis
245 2855 277 2917 in
300 2867 394 2938 portu
417 2853 582 2930 Bristoliae,
606 2853 873 2917 observationibus
896 2853 1026 2918 Sturmii
1048 2853 1148 2939 magis
1169 2852 1332 2918 fidendum
1354 2880 1421 2921 esse

129 2964 264 3040 videtur,
288 2964 421 3050 ideaque
436 2963 536 3028 donec
558 2963 675 3049 aliquid
689 2953 802 3028 certius
825 2963 1006 3040 constiterit,
1030 2962 1265 3046 proportionem
1290 2974 1310 3029 9
1336 2965 1418 3032 ad5

127 3067 355 3156 usurpabimus.
404 3125 406 3128 .
1110 3139 1119 3143 ,
1174 3055 1178 3061 ’

174 3179 333 3244 Coeterum
348 3182 388 3244 ob
404 3204 555 3267 aquarum
571 3183 747 3266 reciprocos
761 3194 875 3258 motus,
902 3193 996 3245 aestus
1009 3180 1139 3244 maximi
1153 3202 1217 3243 non
1231 3180 1373 3244 incidunt
1385 3182 1419 3245 in

72 3282 78 3294 '
128 3287 211 3370 ipsas
226 3287 426 3360 luminarium
442 3287 590 3374 syzygias,
616 3287 670 3350 sed
692 3299 765 3350 sunt
786 3287 869 3350 tertii
890 3308 908 3348 a
930 3277 1061 3371 syzygiis
1083 3296 1119 3347 ut
1140 3283 1257 3347 dictum
1271 3284 1338 3361 fuit,
1363 3309 1417 3350 seu

126 3394 271 3479 proxime
287 3408 458 3482 sequuntur
472 3398 599 3460 tertium
615 3397 716 3460 Lunae
729 3408 801 3479 post
816 3396 954 3482 syzygias
977 3395 1142 3478 appulsum
1156 3394 1197 3457 ad
1211 3395 1416 3459 meridianum

126 3501 198 3579 loci,
222 3504 273 3565 vel
287 3503 391 3588 potius
418 3508 466 3586 (ut
480 3527 500 3567 a
516 3503 654 3566 Sturmio
667 3501 806 3580 notatur)
830 3512 903 3564 sunt
918 3499 1001 3562 tertii
1015 3511 1087 3583 post
1100 3499 1182 3562 diem
1203 3487 1353 3564 novilimii
1368 3502 1417 3566 vel

125 3610 302 3695 plenilunii,
319 3613 373 3676 sed
387 3625 460 3696 post
472 3611 583 3676 horam
605 3634 624 3675 a
644 3611 804 3674 novilunio
818 3611 868 3674 vel
882 3605 1054 3694 plenilunio
1067 3609 1138 3692 plus
1151 3609 1254 3672 minus
1268 3610 1416 3674 duodeci-

124 3743 220 3797 mam,
246 3720 378 3806 ide6que
393 3721 534 3785 incidunt
556 3721 590 3784 in
614 3720 725 3784 horam
748 3744 768 3784 a
790 3720 952 3783 novilunio
965 3720 1015 3782 vel
1028 3720 1200 3802 plenilunio
1220 3719 1292 3802 plus
1310 3707 1415 3782 ⁴minus

125 3830 396 3917 quadragesimam
417 3831 548 3894 tertiam.
594 3829 743 3895 Incidunt
756 3829 831 3895 verb
845 3832 879 3893 in
893 3831 954 3894 hoc
968 3842 1061 3914 portu
1074 3830 1107 3892 in
1122 3829 1232 3893 horam
1254 3829 1415 3912 septimam

124 3939 249 4002 circiter
263 3939 303 4002 ab
318 3931 452 4023 appulsu
463 3939 565 4004 Lunae
580 3941 620 4004 ad
634 3941 841 4005 meridianum
849 3940 911 4004 loci
919 3964 929 4016 ;
944 3940 1077 4026 idebque
1087 3938 1229 4023 proxime
1244 3950 1415 4022 sequuntur

121 4047 290 4130 appulsum
306 4046 407 4132 Lunae
429 4046 470 4110 ad
490 4046 705 4125 meridianum,
729 4047 784 4111 ubi
807 4047 899 4109 Luna
914 4045 1008 4110 distat
1029 4069 1048 4108 a
1071 4045 1144 4109 Sole
1167 4045 1215 4109 vel
1230 4044 1270 4106 ab
1285 4043 1413 4126 opposi-
1438 4081 1442 4086 -

120 4156 208 4220 tione
220 4156 301 4220 Solis
310 4155 459 4244 gradibus
469 4156 540 4240 plus
552 4157 655 4220 minus
664 4157 838 4220 octodecim
848 4156 898 4220 vel
907 4157 1120 4220 novemdecim
1135 4156 1168 4217 in
1184 4151 1411 4238 consequentia.

14 4249 15 4262 ἶ
121 4262 232 4326 AEstas
248 4275 279 4326 et
292 4262 401 4347 hyems
415 4261 549 4326 maxirnd
566 4263 680 4349 vigent,
704 4284 768 4326 non
783 4263 816 4326 in
830 4263 906 4346 ipsis
921 4263 1067 4340 solstitiis,
1090 4261 1144 4325 sed
1162 4259 1220 4322 'ubi
1244 4257 1299 4324 Sol
1320 4259 1413 4322 distat

120 4394 140 4434 a
156 4367 295 4433 solstitiis
311 4366 431 4432 decimi
455 4365 577 4432 circiter
589 4379 678 4452 parte
700 4369 793 4432 totius
808 4367 963 4445 circuitis,
987 4390 1040 4432 seu
1054 4365 1202 4453 gradibus
1217 4365 1288 4449 plus
1308 4365 1411 4427 minus

122 4485 165 4541 36
180 4475 231 4539 vel
247 4481 298 4542 37.
344 4474 388 4537 Et
402 4474 542 4538 similiter
555 4475 710 4538 maximus
725 4486 819 4538 aestus
833 4474 927 4536 maris
942 4474 1040 4536 oritur
1054 4473 1094 4535 ab
1108 4470 1240 4556 appulsu
1256 4471 1357 4534 Lunae
1370 4470 1412 4552 ad

153 4666 188 4731 (⁸)
209 4671 223 4699 ·
242 4669 372 4716 VieLuaoe
386 4672 417 4716 od
432 4685 496 4716 amre
512 4671 659 4717 numanum.
695 4619 750 4715 vil.
786 4666 870 4714 noullii
886 4675 910 4713 et
931 4665 1000 4727 Prop.
1023 4665 1072 4714 tx.
1092 4666 1117 4713 io
1138 4664 1307 4714 Dinaeam
1322 4659 1408 4711 chau.

123 4731 183 4792 Cap.
196 4731 241 4780 Vl·
252 4745 318 4778 num.
332 4736 368 4780 10.
382 4733 408 4780 in
421 4733 588 4781 ursaonae
599 4732 685 4781 clariss·
695 4733 753 4780 Ber·
787 4729 938 4779 Maclaurini.

554 4803 618 4865 .··
743 4816 797 4864 Hs
