3392 5675
153 424 264 489 Lmnn
280 423 459 503 Tannus]
504 423 745 491 PRINCIPIA
768 424 1139 492 MATHEMATICA.
1389 434 1433 495 25
1467 488 1471 501 ,

153 616 186 657 ιιι
202 595 254 658 Pl
279 595 416 680 aequalis.
463 594 537 658 Hoc
562 605 666 657 autem
689 594 722 657 in
748 616 831 671 casu,
858 596 991 681 angrdns
1015 618 1049 658 ιιι
1065 594 1118 660 Pl
1141 607 1192 684 est
1215 594 1257 659 ad
1281 594 1432 682 anguium

154 703 229 767 PT
245 702 294 780 M,
319 726 411 788 quem
427 703 519 767 Luna
540 702 651 767 eodem
672 714 812 785 tempore
826 715 915 765 motu
937 725 995 765 suo
1017 716 1186 788 apparente
1201 703 1283 766 circa
1297 701 1432 766 Terram

153 808 308 885 describit,
334 820 370 871 nt
397 818 411 871 l
441 808 482 872 ad
508 816 562 890 59,
576 815 649 875 575.
693 808 775 873 Nam
803 808 934 894 angulus
957 831 990 872 m
1006 810 1061 873 Pl
1086 808 1215 895 aequalis
1241 821 1289 872 est
1313 806 1431 893 angulo

153 915 183 979 L
200 915 228 977 P
243 914 292 991 M,
317 914 350 977 id
372 925 427 992 est,
455 915 570 1001 angulo
583 914 763 979 deflexionis
778 915 880 978 Lunae
894 938 913 977 a
926 927 1013 979 recto
1028 917 1160 993 tramite,
1171 917 1174 919 ’
1184 938 1277 1001 quem
1298 914 1365 978 scia
1383 912 1431 975 vis
1474 942 1482 955 ·

150 1020 281 1104 praefata
295 1020 403 1084 solaris
430 1031 448 1085 3
465 1021 482 1085 Ι
497 1021 538 1098 Τ,
566 1022 592 1085 si
617 1034 684 1085 ιιιιιι
699 1033 833 1085 cessaret
849 1022 950 1085 Lunae
963 1023 1108 1108 gravitas,
1131 1022 1206 1085 dato
1219 1022 1274 1084 illo
1288 1034 1430 1104 tempore

151 1148 302 1213 generare
316 1138 438 1209 posset3
461 1128 507 1211 (ω)
534 1138 566 1191 et
587 1126 719 1214 angulus
746 1128 774 1190 P
789 1126 821 1189 T
836 1126 877 1193 M
899 1128 1027 1212 aequalis
1048 1141 1097 1191 est
1117 1127 1233 1213 angulo
1246 1124 1444 1217 deflexionis

153 1236 255 1299 Lunae
269 1248 389 1299 erecto
403 1238 535 1313 tramite,
559 1259 651 1322 quem
665 1236 711 1299 vis
726 1235 788 1313 illa,
812 1235 874 1321 qui
889 1237 982 1300 Luna
1002 1236 1035 1298 in
1058 1236 1134 1301 orbe
1148 1258 1206 1299 suo
1220 1238 1380 1313 retinetur,
1404 1236 1431 1299 si

151 1358 219 1409 turn
234 1358 368 1411 cessaret
380 1347 426 1409 vis
443 1346 550 1410 solaris
575 1356 593 1409 3
611 1345 626 1409 Ι
642 1346 682 1422 Τ,
706 1344 817 1408 eodem
832 1357 974 1427 tempore
987 1338 1162 1431 generaret
1207 1344 1251 1409 Et
1271 1344 1321 1407 hae
1335 1346 1428 1423 vires,

151 1466 188 1517 nt
201 1474 295 1537 supra
308 1453 452 1529 diximus,
469 1451 595 1515 suntad
610 1452 741 1514 invicem
756 1432 791 1512 ut
808 1460 822 1512 1
841 1450 882 1512 ad
898 1459 949 1526 59,
963 1458 1036 1517 575.
1081 1455 1121 1535 (¹²)
1138 1452 1226 1538 Ergo
1240 1449 1312 1514 edm
1327 1465 1430 1515 motus

151 1560 273 1625 medius
294 1559 437 1623 horarius
453 1558 554 1623 Lunae
575 1569 717 1641 respectu
732 1556 867 1620 fixarum
888 1556 928 1619 sit
950 1547 1012 1621 32⁷.
1028 1559 1099 1622 56”.
1115 1560 1194 1624 iim.
1213 1556 1302 1638 ΙΨ,
1326 1570 1429 1621 motus

91 1706 94 1715 ,
150 1670 294 1733 horarius
309 1669 384 1731 nodi
399 1670 430 1730 in
444 1669 506 1731 hoc
520 1690 594 1731 casu
608 1668 666 1730 erit
682 1668 749 1731 δι”.
768 1667 843 1730 10'''.
856 1664 927 1731 33¹&
946 1673 1008 1729 12'.
1046 1658 1245 1729 Aliis'autem
1259 1667 1291 1729 in
1307 1667 1429 1731 casibus

150 1787 254 1839 motus
269 1777 327 1839 iste
341 1775 483 1838 horarius
499 1775 558 1837 erit
572 1774 612 1837 ad
628 1773 695 1837 83'4
714 1774 787 1836 10''‘.
805 1770 876 1836 W.
894 1779 957 1833 12'.
979 1782 1017 1862 ιιιΙ
1030 1782 1210 1835 contentum
1225 1773 1283 1835 sub
1299 1774 1428 1836 sinubus

150 1882 337 1969 angulorum
352 1882 447 1945 trium
473 1881 504 1944 T
519 1881 546 1944 P
562 1880 588 1957 I,
613 1880 640 1943 P
656 1879 688 1943 T
703 1878 745 1955 N,
767 1890 801 1941 et
827 1878 851 1941 S
867 1877 898 1940 T
914 1878 946 1941 N
971 1883 1040 1961 (seu
1054 1877 1271 1941 distantiarum
1286 1879 1388 1954 Lunae
1409 1903 1428 1943 a

151 1990 349 2077 quadraturis,
367 1989 468 2053 Lunae
482 2010 501 2051 a
516 1987 610 2065 nodo,
626 1999 658 2051 et
671 1986 747 2051 nodi
761 2008 780 2051 a
797 1985 883 2065 Sole)
906 1984 948 2049 ad
968 1987 1083 2049 cubum
1097 1986 1186 2051 radii.
1230 1988 1268 2071 (⁰)
1292 1988 1336 2051 Et
1350 2011 1428 2073 quo-

183 2207 224 2273 (m)
245 2211 258 2238 ⁸
276 2208 419 2269 Etongalas
432 2210 454 2253 P
465 2208 529 2254 TM
539 2208 633 2268 aquatis
644 2204 772 2264 astragalo
837 2199 871 2265 (⁰)
894 2204 907 2232 ⁴*
925 2204 962 2249 Et
976 2205 1060 2265 quatiet
1076 2206 1168 2264 α’ςιιιιιιι
1186 2206 1284 2267 alicujus
1302 2206 1384 2264 angult
1401 2210 1429 2253 de

150 2274 285 2335 deflexionis.
323 2270 434 2332 Angelus
452 2270 481 2317 M
494 2270 541 2329 Pp
560 2278 594 2316 eet
612 2269 713 2330 angulus
732 2266 773 2313 de·
803 2267 947 2329 affirmativo,
967 2268 1010 2314 dec.
1046 2268 1156 2329 Angnios
1174 2269 1200 2323 Q
1210 2269 1266 2315 TP
1282 2278 1307 2315 et
1326 2270 1350 2313 N
1362 2268 1385 2315 T
1397 2270 1429 2325 P,

151 2335 256 2383 flexionis
276 2334 306 2382 de
327 2350 374 2395 quo
395 2348 460 2383 nunc
476 2332 560 2395 agitur,
582 2330 699 2395 triangula
717 2326 772 2377 versi
804 2329 915 2388 positivos
931 2340 998 2379 vocat
1009 2330 1146 2388 Nevvtonus,
1163 2330 1259 2393 quando
1274 2340 1388 2392 punctum
1405 2334 1429 2380 P

804 2400 839 2439 est
856 2393 882 2438 in
898 2395 1062 2455 consequentia
1071 2405 1176 2455 respectu
1185 2405 1326 2456 punctomrn
1348 2396 1374 2450 Q
1390 2397 1429 2445 vel

805 2455 831 2501 N
849 2456 880 2503 ad
897 2470 951 2517 que
966 2458 1105 2516 refenmtnr,
1115 2460 1160 2507 hoc
1171 2470 1206 2506 est
1215 2457 1318 2520 angulus
1335 2460 1361 2514 Q
1371 2461 1394 2517 T
1404 2461 1428 2509 P

803 2527 838 2565 est
848 2518 959 2579 positivus
968 2523 1058 2583 quoties
1067 2538 1135 2569 arcus
1147 2524 1173 2577 Q
1183 2523 1212 2577 P,
1231 2525 1261 2569 ab
1276 2521 1361 2569 ultimi
1370 2540 1429 2586 qua-

804 2581 899 2629 draturi
912 2584 938 2637 Q
948 2595 1083 2632 numeratus
1093 2586 1118 2632 in
1129 2586 1292 2647 consequentia
1302 2601 1350 2632 non
1360 2603 1428 2635 exce-

803 2645 838 2693 dit
861 2652 906 2693 180
927 2663 963 2709 gr·
984 2651 1107 2711 negativus
1127 2648 1181 2697 reni
1201 2648 1257 2696 edm
1275 2664 1343 2695 arcus
1363 2650 1389 2705 Q
1405 2650 1429 2698 P

803 2708 895 2757 excedit
915 2716 960 2757 180
975 2727 1031 2773 gn,
1047 2711 1149 2773 angulus
1168 2713 1194 2759 N
1211 2713 1234 2759 T
1251 2712 1273 2759 P
1291 2712 1376 2771 pariter
1392 2722 1429 2761 eat

803 2772 914 2833 positivus
924 2773 980 2821 edm
990 2790 1058 2822 arcas
1069 2777 1095 2823 N
1107 2776 1129 2822 P
1139 2792 1154 2823 a
1171 2775 1235 2825 nodo
1245 2775 1384 2824 memdente
1400 2777 1444 2825 in·-

803 2839 967 2899 ccnsequentia
987 2849 1123 2888 numeratus
1143 2855 1192 2888 non
1213 2839 1304 2887 excedit
1326 2845 1373 2889 leo
1389 2857 1432 2904 gn·

803 2901 924 2962 negativus
940 2903 994 2951 veri
1012 2913 1047 2951 ert
1063 2902 1120 2952 cum
1137 2905 1158 2950 is
1173 2919 1242 2952 arem
1261 2905 1321 2952 NP
1337 2906 1429 2955 excedit

805 2970 896 3027 lsogr.
932 2967 1183 3021 Quandoenimarcus
1202 2968 1267 3027 QP,
1287 2969 1310 3015 N
1323 2969 1345 3016 P
1360 2986 1433 3018 exce»

802 3027 863 3076 dunt
883 3032 1428 3094 lsogr.tuncangu1iQTP,NTPncn

803 3092 904 3152 amplius
919 3104 1071 3143 numerantur
1086 3095 1216 3143 seeundum
1228 3095 1305 3142 Lunae
1320 3098 1438 3145 dneeuo:

803 3171 864 3212 nem,
873 3172 914 3204 seu
921 3157 1051 3206 secundini
1057 3160 1118 3205 viam
1125 3174 1196 3219 quam
1204 3158 1275 3205 Luna
1283 3169 1317 3206 est
1324 3175 1434 3218 mensa·

802 3219 843 3266 sed
859 3221 990 3268 aoennddm
1000 3222 1062 3270 viam
1071 3237 1124 3284 qua
1133 3222 1178 3281 ipsi
1188 3221 1337 3271 wermuda
1346 3238 1435 3284 sarpa-2

804 3294 839 3330 est
849 3293 878 3330 ut
893 3285 923 3331 ad
938 3296 1026 3345 puncta
1034 3286 1060 3339 Q
1069 3294 1092 3331 et
1103 3285 1129 3332 N
1139 3284 1224 3339 redeat,
1236 3286 1290 3332 hinc
1300 3286 1335 3332 ilii
1345 3287 1429 3348 anguli

803 3347 905 3408 negativi
912 3347 1029 3404 dicuntur,
1038 3363 1120 3395 eorum
1130 3358 1235 3408 respectu
1245 3350 1286 3411 qui
1297 3349 1433 3398 secundnm-

151 3409 183 3458 M
195 3409 216 3457 P
226 3427 248 3470 p,
270 3411 300 3458 M
312 3411 334 3457 P
346 3412 368 3458 T
386 3419 441 3460 aunt
451 3406 535 3456 similia
545 3412 575 3457 ob
585 3409 700 3472 angulum
711 3424 775 3456 com·
803 3410 866 3456 viam
877 3426 892 3456 a
903 3408 975 3457 Luni
984 3410 1122 3472 descriptam
1132 3425 1303 3460 mensurantur.
1420 3461 1423 3467 ,

149 3489 248 3521 munem
267 3475 289 3522 P
301 3475 330 3522 M
344 3477 372 3532 T,
393 3485 416 3522 et
435 3489 463 3521 an
482 3473 534 3520 ulos
544 3484 618 3519 rectos
632 3473 658 3532 ΙΤ
671 3473 692 3520 Ρ
703 3473 733 3520 Μ
751 3481 774 3519 et
837 3473 950 3536 Angulus
960 3472 1015 3522 verd
1027 3475 1075 3523 ST
1085 3476 1109 3522 N
1117 3475 1228 3536 pou'tivus
1238 3477 1324 3524 dieitur
1333 3477 1428 3540 quando

152 3537 198 3600 Pp
208 3539 244 3594 M,
256 3540 311 3586 hinc
322 3539 403 3604 anguli
414 3490 500 3586 residui
513 3538 533 3584 P
543 3537 565 3584 T
574 3538 611 3594 M,
625 3537 653 3582 M
663 3535 708 3596 Pp
719 3545 775 3584 sunt
803 3551 871 3584 arcus
883 3539 906 3584 A
916 3537 942 3584 N
952 3554 967 3585 a
977 3539 1028 3586 loco
1038 3539 1207 3602 conjunctionis
1218 3540 1296 3587 Lunae
1306 3557 1362 3590 cum
1372 3541 1429 3589 Sole

150 3603 257 3664 equales.
806 3616 879 3662 usque
895 3600 925 3647 ad
941 3602 1030 3649 nodum
1041 3614 1120 3651 contra
1130 3603 1235 3650 ordinem
1246 3605 1366 3668 signorum
1382 3621 1428 3652 nu-

183 3665 219 3730 (¹¹)
241 3669 254 3698 ⁸
267 3670 338 3728 Ergo,
350 3669 392 3716 &e
428 3665 472 3713 Isti
489 3664 569 3728 anguli
581 3663 715 3710 deflexionis
733 3661 773 3712 de·
803 3675 912 3719 meratus,
925 3675 959 3712 est
969 3666 1046 3714 minor
1059 3673 1103 3714 180
1112 3682 1159 3730 gr„
1175 3669 1297 3729 negativus
1306 3669 1361 3716 verd
1371 3669 1429 3716 dici-

150 3730 207 3776 bent
218 3745 267 3778 esse
278 3743 305 3777 ut
316 3733 374 3779 vires
392 3730 444 3776 illas
459 3727 599 3775 deflexiones
613 3726 773 3788 producentes,
803 3736 842 3776 tur
853 3727 909 3775 edm
920 3729 1011 3777 excedit
1022 3737 1069 3778 180
1079 3746 1125 3793 gn,
1143 3731 1204 3793 quia,
1216 3730 1272 3778 edm
1283 3732 1339 3780 nodi
1348 3747 1427 3780 move·

150 3791 176 3838 in
187 3792 232 3840 hoc
242 3795 305 3841 enim
316 3812 378 3853 casu,
389 3804 487 3855 utraque
499 3792 531 3838 vis
542 3793 590 3854 agit
600 3791 774 3850 perpendicula·
803 3801 874 3840 entur
883 3803 964 3840 contra
979 3793 1084 3840 ordinem
1095 3793 1215 3856 signorum
1231 3795 1279 3842 sive
1295 3797 1320 3842 in
1335 3805 1426 3842 antece-

151 3855 207 3903 riter
224 3857 254 3904 ad
274 3869 408 3922 tangentem
427 3857 449 3904 P
469 3857 506 3914 M,
523 3857 578 3902 hinc
595 3854 686 3902 lineolae
705 3855 734 3901 M
750 3871 774 3916 p,
804 3855 890 3913 dentia,
909 3858 1011 3920 angulus
1031 3858 1048 3905 S
1068 3858 1091 3905 T
1109 3857 1134 3904 N
1151 3859 1227 3918 primo
1244 3875 1299 3906 casu
1320 3859 1428 3919 exprimit

5 3907 6 3924 i
84 3963 87 3968 ,
152 3919 182 3966 Μ
195 3921 218 3967 L
236 3937 278 3981 per
296 3939 334 3970 eas
353 3923 412 3970 vires
422 3921 507 3983 genitae
524 3929 627 3980 tempore
638 3918 727 3974 eodem,
747 3935 775 3966 eo
804 3921 866 3967 viem
885 3921 1076 3983 nodiasyrygia,
1096 3921 1265 3970 seeundocasu
1280 3923 1341 3969 viam
1356 3937 1427 3984 quam

151 3997 237 4095 itti}
252 4001 301 4096 3:22
317 3982 775 4111 titttitttitit“epitritis
804 3984 1428 4113 ‘mitiiititittffi‘tinmn

150 4120 245 4172 sumpto
254 4113 276 4159 P
284 4115 314 4161 M
320 4129 361 4174 pro
369 4114 433 4162 radio
443 4121 498 4158 sunt
506 4119 626 4172 tangentes
634 4111 775 4171 angulorum
807 4112 832 4166 Q
843 4112 866 4158 T
878 4111 907 4166 P,
920 4112 945 4158 N
957 4112 980 4159 T
993 4113 1020 4170 P,
1034 4113 1050 4160 S
1062 4113 1085 4162 T
1096 4113 1129 4170 N,
1141 4113 1187 4159 sint
1197 4112 1287 4171 positivi
1297 4123 1375 4160 motus
1385 4128 1429 4161 no-

150 4173 287 4224 deflexionis
296 4193 312 4238 p
329 4179 397 4235 PM,
411 4177 438 4224 M
448 4175 508 4232 PL,
525 4183 548 4221 et
558 4173 640 4236 anguli
650 4173 720 4235 quim
731 4173 775 4219 mi·
804 4175 889 4222 dorum
900 4185 935 4222 est
944 4177 1096 4238 regreesivuss
1115 4175 1152 4223 2⁰.
1170 4175 1233 4236 quod
1243 4175 1263 4221 si
1274 4191 1336 4223 unus
1346 4193 1429 4224 eornm

150 4238 210 4284 nimi
221 4249 277 4286 sunt
286 4250 315 4288 ιιι
324 4241 426 4302 ipsorum
437 4248 565 4302 tangentes,
582 4253 638 4300 ergo
648 4236 730 4300 anguli
741 4235 776 4283 illi
805 4239 835 4286 rit
844 4240 972 4302 negativus,
983 4240 1066 4302 reliqui
1074 4239 1172 4301 positivi,
1183 4248 1261 4286 motas
1268 4241 1384 4288 nodorum
1394 4251 1430 4288 est

150 4300 286 4350 defleonnis
297 4318 351 4352 sunt
362 4315 389 4352 ut
400 4305 457 4350 vires
467 4303 519 4350 illas
527 4301 686 4362 producentes,
699 4311 776 4347 nictus
805 4306 968 4366 progressivae.
996 4304 1034 4352 30.
1050 4303 1122 4358 Quod
1133 4303 1153 4349 si
1163 4317 1225 4348 unns
1236 4318 1316 4350 acrum
1327 4305 1356 4352 sit
1366 4307 1428 4364 posi-

149 4373 230 4414 cutem
242 4368 326 4415 horarii
335 4369 410 4416 Lutrae
421 4377 444 4415 et
455 4367 569 4413 nodorum
578 4374 633 4411 sunt
643 4365 686 4424 ipsi
694 4363 777 4427 anguli
805 4367 873 4422 tivus,
885 4367 934 4413 duo
944 4368 1051 4430 negativi,
1062 4376 1140 4413 motus
1151 4365 1265 4414 nodorum
1276 4377 1311 4415 est
1321 4369 1428 4431 regressi·

151 4428 175 4476 P
182 4429 205 4476 T
214 4431 244 4478 M
255 4441 279 4479 et
290 4447 313 4478 m
321 4432 344 4479 T
352 4433 367 4490 l,
379 4434 480 4492 quisunt
490 4445 518 4477 ex
530 4429 691 4476 demonstratis
699 4443 776 4489 aequa-
805 4447 855 4477 vus.
890 4431 927 4480 4⁰.
948 4432 1058 4492 Denique
1068 4429 1131 4490 quod
1141 4430 1160 4475 si
1171 4445 1252 4476 omnes
1262 4433 1308 4479 sint
1319 4432 1428 4495 negativi,

149 4491 184 4538 les
199 4495 294 4557 angulis
304 4495 460 4543 deflexionum
479 4495 505 4540 M
521 4492 576 4552 Pp,
597 4494 624 4540 M
639 4492 660 4538 P
674 4493 702 4550 L,
721 4507 777 4554 ergo
806 4504 884 4540 motus
892 4494 1006 4540 nodorum
1014 4496 1098 4539 iterum
1108 4495 1137 4540 sit
1147 4496 1311 4556 progressivus,
1322 4497 1355 4542 sic
1366 4497 1429 4542 enim

149 4565 230 4604 motus
246 4560 330 4608 horarii
341 4568 396 4606 sunt
406 4568 433 4606 ut
444 4558 502 4605 vires
512 4557 563 4605 illas
574 4555 713 4604 deflexiones
725 4571 776 4616 pro·
806 4560 890 4622 quoties
901 4561 993 4617 signum
1003 4559 1102 4619 suajus
1118 4561 1199 4618 anguli
1209 4563 1237 4606 de
1252 4562 1389 4623 qffirrnatt'vv
1403 4561 1429 4608 in

151 4617 272 4672 ducentes.
305 4625 335 4680 Q.
347 4640 367 4671 e.
377 4637 399 4670 c.
806 4625 948 4682 negativum,
964 4624 1035 4687 deqase
1045 4624 1181 4686 affirmativa
1197 4628 1225 4672 in
1235 4627 1366 4684 manicam
1376 4641 1429 4677 mtt-
