<?xml version="1.0" encoding="UTF-8"?>
<!DOCTYPE html PUBLIC "-//W3C//DTD XHTML 1.0 Transitional//EN"
    "http://www.w3.org/TR/xhtml1/DTD/xhtml1-transitional.dtd">
<html xmlns="http://www.w3.org/1999/xhtml" xml:lang="en" lang="en">
 <head>
  <title>
</title>
<meta http-equiv="Content-Type" content="text/html;charset=utf-8" />
  <meta name='ocr-system' content='tesseract 3.04.00' />
  <meta name='ocr-capabilities' content='ocr_page ocr_carea ocr_par ocr_line ocrx_word'/>
</head>
<body>
  <div class='ocr_page' id='page_1' title='image "./philosophinatur04wriggoog_0207.png"; bbox 0 0 3392 5675; ppageno 0'>
   <div class='ocr_carea' id='block_1_1' title="bbox 308 470 1615 559">
    <p class='ocr_par' dir='ltr' id='par_1_1' title="bbox 308 470 1615 559">
     <span class='ocr_line' id='line_1_1' title="bbox 308 470 1615 559; baseline -0.002 -14"><span class='ocrx_word' id='word_1_1' title='bbox 308 486 372 545; x_wconf 77' lang='grc'><strong>196</strong></span> <span class='ocrx_word' id='word_1_2' title='bbox 520 510 528 527; x_wconf 69' lang='lat'>‚</span> <span class='ocrx_word' id='word_1_3' title='bbox 624 470 966 541; x_wconf 80' lang='lat' dir='ltr'>PHILOSOPHIAE</span> <span class='ocrx_word' id='word_1_4' title='bbox 988 471 1261 543; x_wconf 76' lang='lat' dir='ltr'><strong>NATURALIS</strong></span> <span class='ocrx_word' id='word_1_5' title='bbox 1282 474 1357 559; x_wconf 82' lang='lat' dir='ltr'><strong>[Da</strong></span> <span class='ocrx_word' id='word_1_6' title='bbox 1368 476 1615 545; x_wconf 63' lang='lat' dir='ltr'><strong>monaster.</strong></span> 
     </span>
    </p>
   </div>
   <div class='ocr_carea' id='block_1_2' title="bbox 292 646 1655 2059">
    <p class='ocr_par' dir='ltr' id='par_1_2' title="bbox 305 646 1613 959">
     <span class='ocr_line' id='line_1_2' title="bbox 306 646 1613 734; baseline -0.003 -17"><span class='ocrx_word' id='word_1_7' title='bbox 306 652 403 717; x_wconf 83' lang='lat' dir='ltr'><strong>titum</strong></span> <span class='ocrx_word' id='word_1_8' title='bbox 416 658 549 715; x_wconf 72' lang='lat' dir='ltr'><strong>uometre</strong></span> <span class='ocrx_word' id='word_1_9' title='bbox 559 646 653 734; x_wconf 79' lang='lat' dir='ltr'><strong>hujus</strong></span> <span class='ocrx_word' id='word_1_10' title='bbox 665 646 884 713; x_wconf 84' lang='lat' dir='ltr'><strong>determinare.</strong></span> <span class='ocrx_word' id='word_1_11' title='bbox 914 646 1031 733; x_wconf 79' lang='lat' dir='ltr'><strong>-Atqne</strong></span> <span class='ocrx_word' id='word_1_12' title='bbox 1043 646 1114 713; x_wconf 47' lang='lat' dir='ltr'><strong>&amp;c</strong></span> <span class='ocrx_word' id='word_1_13' title='bbox 1128 648 1173 714; x_wconf 86' lang='lat' dir='ltr'><strong>ita</strong></span> <span class='ocrx_word' id='word_1_14' title='bbox 1186 671 1224 713; x_wconf 87' lang='lat' dir='ltr'><strong>se</strong></span> <span class='ocrx_word' id='word_1_15' title='bbox 1233 646 1405 727; x_wconf 84' lang='lat' dir='ltr'><strong>habebunt,</strong></span> <span class='ocrx_word' id='word_1_16' title='bbox 1422 649 1449 715; x_wconf 86' lang='lat' dir='ltr'><strong>si</strong></span> <span class='ocrx_word' id='word_1_17' title='bbox 1463 663 1613 727; x_wconf 68' lang='lat' dir='ltr'><strong>warato,</strong></span> 
     </span>
     <span class='ocr_line' id='line_1_3' title="bbox 307 757 1613 851; baseline -0.003 -22"><span class='ocrx_word' id='word_1_18' title='bbox 307 764 410 851; x_wconf 86' lang='lat' dir='ltr'><strong>spatio</strong></span> <span class='ocrx_word' id='word_1_19' title='bbox 423 780 577 827; x_wconf 85' lang='lat' dir='ltr'><strong>annorum</strong></span> <span class='ocrx_word' id='word_1_20' title='bbox 591 759 789 847; x_wconf 69' lang='lat' dir='ltr'><strong>septuaginta</strong></span> <span class='ocrx_word' id='word_1_21' title='bbox 798 758 947 845; x_wconf 79' lang='lat' dir='ltr'><strong>qumque,</strong></span> <span class='ocrx_word' id='word_1_22' title='bbox 962 758 996 823; x_wconf 92' lang='lat' dir='ltr'><strong>iu</strong></span> <span class='ocrx_word' id='word_1_23' title='bbox 1009 757 1073 823; x_wconf 84' lang='lat' dir='ltr'><strong>hoo</strong></span> <span class='ocrx_word' id='word_1_24' title='bbox 1082 760 1160 825; x_wconf 87' lang='lat' dir='ltr'><strong>orbe</strong></span> <span class='ocrx_word' id='word_1_25' title='bbox 1174 760 1306 844; x_wconf 78' lang='lat' dir='ltr'><strong>posthac</strong></span> <span class='ocrx_word' id='word_1_26' title='bbox 1315 760 1454 827; x_wconf 85' lang='lat' dir='ltr'><strong>redierit.</strong></span> <span class='ocrx_word' id='word_1_27' title='bbox 1482 761 1613 827; x_wconf 86' lang='lat' dir='ltr'><strong>Come-</strong></span> 
     </span>
     <span class='ocr_line' id='line_1_4' title="bbox 305 866 1390 959; baseline -0.006 -20"><span class='ocrx_word' id='word_1_28' title='bbox 305 887 347 939; x_wconf 89' lang='lat' dir='ltr'><strong>tae</strong></span> <span class='ocrx_word' id='word_1_29' title='bbox 361 870 473 959; x_wconf 82' lang='lat' dir='ltr'>reliqui</span> <span class='ocrx_word' id='word_1_30' title='bbox 486 870 598 957; x_wconf 86' lang='lat' dir='ltr'><strong>majori</strong></span> <span class='ocrx_word' id='word_1_31' title='bbox 611 881 754 954; x_wconf 86' lang='lat' dir='ltr'><strong>tempore</strong></span> <span class='ocrx_word' id='word_1_32' title='bbox 768 867 886 933; x_wconf 84' lang='lat' dir='ltr'><strong>revolvi</strong></span> <span class='ocrx_word' id='word_1_33' title='bbox 899 867 1045 932; x_wconf 83' lang='lat' dir='ltr'><strong>videntur</strong></span> <span class='ocrx_word' id='word_1_34' title='bbox 1059 879 1092 932; x_wconf 90' lang='lat' dir='ltr'><strong>et</strong></span> <span class='ocrx_word' id='word_1_35' title='bbox 1105 866 1198 933; x_wconf 82' lang='lat' dir='ltr'><strong>altiris</strong></span> <span class='ocrx_word' id='word_1_36' title='bbox 1212 869 1390 933; x_wconf 85' lang='lat' dir='ltr'><strong>ascendere.</strong></span> 
     </span>
    </p>

    <p class='ocr_par' dir='ltr' id='par_1_3' title="bbox 292 976 1655 1720">
     <span class='ocr_line' id='line_1_5' title="bbox 348 976 1611 1063; baseline -0.006 -16"><span class='ocrx_word' id='word_1_37' title='bbox 348 980 508 1047; x_wconf 79' lang='lat' dir='ltr'><strong>Caeterum</strong></span> <span class='ocrx_word' id='word_1_38' title='bbox 528 988 669 1055; x_wconf 82' lang='lat' dir='ltr'><strong>cometoe,</strong></span> <span class='ocrx_word' id='word_1_39' title='bbox 692 977 734 1041; x_wconf 95' lang='lat' dir='ltr'><strong>ob</strong></span> <span class='ocrx_word' id='word_1_40' title='bbox 755 997 906 1063; x_wconf 84' lang='lat' dir='ltr'><strong>maguum</strong></span> <span class='ocrx_word' id='word_1_41' title='bbox 920 997 1030 1051; x_wconf 80' lang='lat' dir='ltr'><strong>eorum</strong></span> <span class='ocrx_word' id='word_1_42' title='bbox 1044 988 1221 1055; x_wconf 82' lang='lat' dir='ltr'><strong>numerum,</strong></span> <span class='ocrx_word' id='word_1_43' title='bbox 1243 988 1276 1041; x_wconf 89' lang='lat' dir='ltr'><strong>et</strong></span> <span class='ocrx_word' id='word_1_44' title='bbox 1293 998 1442 1063; x_wconf 86' lang='lat' dir='ltr'><strong>maguam</strong></span> <span class='ocrx_word' id='word_1_45' title='bbox 1455 976 1611 1061; x_wconf 86' lang='lat' dir='ltr'><strong>aphelio-</strong></span> 
     </span>
     <span class='ocr_line' id='line_1_6' title="bbox 303 1080 1655 1170; baseline -0.004 -17"><span class='ocrx_word' id='word_1_46' title='bbox 303 1110 374 1153; x_wconf 90' lang='lat' dir='ltr'><strong>rum</strong></span> <span class='ocrx_word' id='word_1_47' title='bbox 389 1110 408 1151; x_wconf 91' lang='lat' dir='ltr'><strong>a</strong></span> <span class='ocrx_word' id='word_1_48' title='bbox 424 1086 497 1153; x_wconf 87' lang='lat' dir='ltr'><strong>Sole</strong></span> <span class='ocrx_word' id='word_1_49' title='bbox 511 1084 700 1162; x_wconf 78' lang='lat' dir='ltr'><strong>distantiam,</strong></span> <span class='ocrx_word' id='word_1_50' title='bbox 716 1094 749 1149; x_wconf 91' lang='lat' dir='ltr'><strong>et</strong></span> <span class='ocrx_word' id='word_1_51' title='bbox 767 1083 896 1170; x_wconf 82' lang='lat' dir='ltr'><strong>longam</strong></span> <span class='ocrx_word' id='word_1_52' title='bbox 909 1104 1031 1145; x_wconf 87' lang='lat' dir='ltr'><strong>moram</strong></span> <span class='ocrx_word' id='word_1_53' title='bbox 1044 1082 1078 1145; x_wconf 91' lang='lat' dir='ltr'><strong>in</strong></span> <span class='ocrx_word' id='word_1_54' title='bbox 1092 1080 1311 1167; x_wconf 69' lang='lat' dir='ltr'><strong>apheliis,›per</strong></span> <span class='ocrx_word' id='word_1_55' title='bbox 1330 1082 1499 1169; x_wconf 76' lang='lat' dir='ltr'><strong>gravitates</strong></span> <span class='ocrx_word' id='word_1_56' title='bbox 1513 1084 1556 1147; x_wconf 91' lang='lat' dir='ltr'><strong>in</strong></span> <span class='ocrx_word' id='word_1_57' title='bbox 1572 1105 1610 1148; x_wconf 88' lang='lat' dir='ltr'><strong>se</strong></span> <span class='ocrx_word' id='word_1_58' title='bbox 1654 1105 1655 1110; x_wconf 49' lang='lat'>¹</span> 
     </span>
     <span class='ocr_line' id='line_1_7' title="bbox 302 1183 1655 1269; baseline -0.002 -7"><span class='ocrx_word' id='word_1_59' title='bbox 302 1208 412 1263; x_wconf 89' lang='lat' dir='ltr'><strong>mutuo</strong></span> <span class='ocrx_word' id='word_1_60' title='bbox 426 1195 569 1261; x_wconf 87' lang='lat' dir='ltr'><strong>nonnihil</strong></span> <span class='ocrx_word' id='word_1_61' title='bbox 583 1194 703 1260; x_wconf 83' lang='lat' dir='ltr'><strong>nubari</strong></span> <span class='ocrx_word' id='word_1_62' title='bbox 723 1193 848 1269; x_wconf 87' lang='lat' dir='ltr'><strong>debent,</strong></span> <span class='ocrx_word' id='word_1_63' title='bbox 871 1205 904 1257; x_wconf 89' lang='lat' dir='ltr'><strong>et</strong></span> <span class='ocrx_word' id='word_1_64' title='bbox 923 1214 1035 1257; x_wconf 83' lang='lat' dir='ltr'><strong>eorum</strong></span> <span class='ocrx_word' id='word_1_65' title='bbox 1055 1193 1305 1257; x_wconf 83' lang='lat' dir='ltr'><strong>eoeeutrioitates</strong></span> <span class='ocrx_word' id='word_1_66' title='bbox 1318 1204 1353 1257; x_wconf 87' lang='lat' dir='ltr'><strong>et</strong></span> <span class='ocrx_word' id='word_1_67' title='bbox 1363 1192 1608 1259; x_wconf 79' lang='lat' dir='ltr'><strong>revolutionum</strong></span> <span class='ocrx_word' id='word_1_68' title='bbox 1654 1183 1655 1188; x_wconf 27' lang='lat'>¹</span> 
     </span>
     <span class='ocr_line' id='line_1_8' title="bbox 302 1287 1609 1390; baseline -0.005 -20"><span class='ocrx_word' id='word_1_69' title='bbox 302 1316 448 1390; x_wconf 88' lang='lat' dir='ltr'><strong>tempora</strong></span> <span class='ocrx_word' id='word_1_70' title='bbox 468 1324 553 1367; x_wconf 85' lang='lat' dir='ltr'><strong>naue</strong></span> <span class='ocrx_word' id='word_1_71' title='bbox 573 1300 682 1389; x_wconf 85' lang='lat' dir='ltr'><strong>augeri</strong></span> <span class='ocrx_word' id='word_1_72' title='bbox 696 1298 934 1385; x_wconf 76' lang='lat' dir='ltr'><strong>aliquantidum,</strong></span> <span class='ocrx_word' id='word_1_73' title='bbox 953 1320 1040 1364; x_wconf 84' lang='lat' dir='ltr'><strong>mmo</strong></span> <span class='ocrx_word' id='word_1_74' title='bbox 1053 1298 1196 1365; x_wconf 86' lang='lat' dir='ltr'><strong>diminui.</strong></span> <span class='ocrx_word' id='word_1_75' title='bbox 1242 1297 1382 1365; x_wconf 75' lang='lat' dir='ltr'><strong>Proinde</strong></span> <span class='ocrx_word' id='word_1_76' title='bbox 1395 1300 1463 1363; x_wconf 83' lang='lat' dir='ltr'><strong>iton</strong></span> <span class='ocrx_word' id='word_1_77' title='bbox 1475 1312 1527 1365; x_wconf 87' lang='lat' dir='ltr'><strong>est</strong></span> <span class='ocrx_word' id='word_1_78' title='bbox 1541 1287 1609 1367; x_wconf 80' lang='lat' dir='ltr'><strong>ex-</strong></span> 
     </span>
     <span class='ocr_line' id='line_1_9' title="bbox 292 1400 1606 1500; baseline -0.002 -20"><span class='ocrx_word' id='word_1_79' title='bbox 292 1414 492 1500; x_wconf 86' lang='lat' dir='ltr'><strong>pectandum</strong></span> <span class='ocrx_word' id='word_1_80' title='bbox 507 1426 542 1477; x_wconf 90' lang='lat' dir='ltr'><strong>ut</strong></span> <span class='ocrx_word' id='word_1_81' title='bbox 553 1423 674 1477; x_wconf 87' lang='lat' dir='ltr'><strong>cometa</strong></span> <span class='ocrx_word' id='word_1_82' title='bbox 687 1410 771 1473; x_wconf 92' lang='lat' dir='ltr'><strong>idem</strong></span> <span class='ocrx_word' id='word_1_83' title='bbox 785 1410 820 1473; x_wconf 92' lang='lat' dir='ltr'><strong>in</strong></span> <span class='ocrx_word' id='word_1_84' title='bbox 831 1409 942 1473; x_wconf 89' lang='lat' dir='ltr'><strong>eodem</strong></span> <span class='ocrx_word' id='word_1_85' title='bbox 955 1409 1044 1487; x_wconf 86' lang='lat' dir='ltr'><strong>orbe,</strong></span> <span class='ocrx_word' id='word_1_86' title='bbox 1055 1422 1087 1473; x_wconf 89' lang='lat' dir='ltr'><strong>et</strong></span> <span class='ocrx_word' id='word_1_87' title='bbox 1097 1400 1211 1474; x_wconf 86' lang='lat' dir='ltr'><strong>iisdem</strong></span> <span class='ocrx_word' id='word_1_88' title='bbox 1220 1410 1413 1495; x_wconf 78' lang='lat' dir='ltr'><strong>temporibus</strong></span> <span class='ocrx_word' id='word_1_89' title='bbox 1425 1411 1606 1495; x_wconf 85' lang='lat' dir='ltr'><strong>periodicis</strong></span> 
     </span>
     <span class='ocr_line' id='line_1_10' title="bbox 300 1500 1606 1605; baseline -0.002 -18"><span class='ocrx_word' id='word_1_90' title='bbox 300 1520 444 1587; x_wconf 75' lang='lat' dir='ltr'><strong>scemate</strong></span> <span class='ocrx_word' id='word_1_91' title='bbox 466 1520 582 1584; x_wconf 88' lang='lat' dir='ltr'><strong>redeat.</strong></span> <span class='ocrx_word' id='word_1_92' title='bbox 629 1516 751 1583; x_wconf 86' lang='lat' dir='ltr'><strong>Sufficit</strong></span> <span class='ocrx_word' id='word_1_93' title='bbox 774 1516 800 1581; x_wconf 87' lang='lat' dir='ltr'><strong>si</strong></span> <span class='ocrx_word' id='word_1_94' title='bbox 825 1500 1013 1586; x_wconf 73' lang='lat' dir='ltr'><strong>mutationes</strong></span> <span class='ocrx_word' id='word_1_95' title='bbox 1036 1534 1102 1581; x_wconf 87' lang='lat' dir='ltr'><strong>nou</strong></span> <span class='ocrx_word' id='word_1_96' title='bbox 1126 1519 1261 1602; x_wconf 84' lang='lat' dir='ltr'><strong>majores</strong></span> <span class='ocrx_word' id='word_1_97' title='bbox 1280 1517 1475 1596; x_wconf 80' lang='lat' dir='ltr'><strong>obvenerint,</strong></span> <span class='ocrx_word' id='word_1_98' title='bbox 1496 1518 1606 1605; x_wconf 80' lang='lat' dir='ltr'><strong>qudm</strong></span> 
     </span>
     <span class='ocr_line' id='line_1_11' title="bbox 299 1626 859 1720; baseline -0.007 -23"><span class='ocrx_word' id='word_1_99' title='bbox 299 1656 371 1720; x_wconf 82' lang='lat' dir='ltr'><strong>quse</strong></span> <span class='ocrx_word' id='word_1_100' title='bbox 385 1657 405 1696; x_wconf 91' lang='lat' dir='ltr'><strong>a</strong></span> <span class='ocrx_word' id='word_1_101' title='bbox 418 1632 519 1695; x_wconf 86' lang='lat' dir='ltr'><strong>causis</strong></span> <span class='ocrx_word' id='word_1_102' title='bbox 533 1626 693 1713; x_wconf 83' lang='lat' dir='ltr'><strong>praedictis</strong></span> <span class='ocrx_word' id='word_1_103' title='bbox 708 1628 859 1693; x_wconf 88' lang='lat' dir='ltr'><strong>oriantur.</strong></span> 
     </span>
    </p>

    <p class='ocr_par' dir='ltr' id='par_1_4' title="bbox 297 1732 1603 2059">
     <span class='ocr_line' id='line_1_12' title="bbox 342 1732 1603 1820; baseline -0.005 -16"><span class='ocrx_word' id='word_1_104' title='bbox 342 1740 385 1804; x_wconf 89' lang='lat' dir='ltr'><strong>Et</strong></span> <span class='ocrx_word' id='word_1_105' title='bbox 406 1738 482 1803; x_wconf 88' lang='lat' dir='ltr'><strong>hino</strong></span> <span class='ocrx_word' id='word_1_106' title='bbox 502 1736 582 1801; x_wconf 84' lang='lat' dir='ltr'><strong>ratio</strong></span> <span class='ocrx_word' id='word_1_107' title='bbox 603 1734 754 1812; x_wconf 86' lang='lat' dir='ltr'><strong>redditur,</strong></span> <span class='ocrx_word' id='word_1_108' title='bbox 779 1734 818 1820; x_wconf 70' lang='lat'><strong>(⁶)</strong></span> <span class='ocrx_word' id='word_1_109' title='bbox 841 1756 899 1799; x_wconf 88' lang='lat' dir='ltr'><strong>cur</strong></span> <span class='ocrx_word' id='word_1_110' title='bbox 912 1744 1044 1799; x_wconf 76' lang='lat' dir='ltr'><strong>oometoe</strong></span> <span class='ocrx_word' id='word_1_111' title='bbox 1058 1753 1124 1797; x_wconf 92' lang='lat' dir='ltr'><strong>non</strong></span> <span class='ocrx_word' id='word_1_112' title='bbox 1138 1732 1445 1817; x_wconf 78' lang='lat' dir='ltr'><strong>comprehendantur</strong></span> <span class='ocrx_word' id='word_1_113' title='bbox 1459 1733 1603 1799; x_wconf 84' lang='lat' dir='ltr'><strong>zodiaco</strong></span> 
     </span>
     <span class='ocr_line' id='line_1_13' title="bbox 300 1836 1602 1931; baseline -0.003 -20"><span class='ocrx_word' id='word_1_114' title='bbox 300 1869 386 1912; x_wconf 89' lang='lat' dir='ltr'><strong>more</strong></span> <span class='ocrx_word' id='word_1_115' title='bbox 407 1848 615 1931; x_wconf 86' lang='lat' dir='ltr'><strong>planetarum,</strong></span> <span class='ocrx_word' id='word_1_116' title='bbox 638 1844 694 1909; x_wconf 88' lang='lat' dir='ltr'><strong>sed</strong></span> <span class='ocrx_word' id='word_1_117' title='bbox 715 1842 789 1919; x_wconf 65' lang='lat' dir='ltr'><strong>inde</strong></span> <span class='ocrx_word' id='word_1_118' title='bbox 810 1843 947 1930; x_wconf 80' lang='lat' dir='ltr'><strong>migrent</strong></span> <span class='ocrx_word' id='word_1_119' title='bbox 960 1854 993 1907; x_wconf 88' lang='lat' dir='ltr'><strong>et</strong></span> <span class='ocrx_word' id='word_1_120' title='bbox 1005 1841 1143 1908; x_wconf 84' lang='lat' dir='ltr'><strong>motibus</strong></span> <span class='ocrx_word' id='word_1_121' title='bbox 1157 1842 1257 1905; x_wconf 82' lang='lat' dir='ltr'><strong>variis</strong></span> <span class='ocrx_word' id='word_1_122' title='bbox 1266 1842 1301 1905; x_wconf 92' lang='lat' dir='ltr'><strong>in</strong></span> <span class='ocrx_word' id='word_1_123' title='bbox 1315 1836 1425 1906; x_wconf 77' lang='lat' dir='ltr'><strong>munes</strong></span> <span class='ocrx_word' id='word_1_124' title='bbox 1439 1843 1602 1907; x_wconf 86' lang='lat' dir='ltr'><strong>coelorum</strong></span> 
     </span>
     <span class='ocr_line' id='line_1_14' title="bbox 297 1946 1599 2059; baseline -0.002 -40"><span class='ocrx_word' id='word_1_125' title='bbox 297 1956 441 2043; x_wconf 83' lang='lat' dir='ltr'><strong>regiones</strong></span> <span class='ocrx_word' id='word_1_126' title='bbox 467 1952 614 2019; x_wconf 78' lang='lat' dir='ltr'><strong>ferantur.</strong></span> <span class='ocrx_word' id='word_1_127' title='bbox 661 1950 786 2017; x_wconf 76' lang='lat' dir='ltr'><strong>Scilicet</strong></span> <span class='ocrx_word' id='word_1_128' title='bbox 804 1972 843 2015; x_wconf 87' lang='lat' dir='ltr'><strong>eo</strong></span> <span class='ocrx_word' id='word_1_129' title='bbox 866 1951 940 2028; x_wconf 88' lang='lat' dir='ltr'><strong>line,</strong></span> <span class='ocrx_word' id='word_1_130' title='bbox 964 1963 1000 2014; x_wconf 92' lang='lat' dir='ltr'><strong>ut</strong></span> <span class='ocrx_word' id='word_1_131' title='bbox 1026 1947 1061 2013; x_wconf 92' lang='lat' dir='ltr'><strong>in</strong></span> <span class='ocrx_word' id='word_1_132' title='bbox 1085 1946 1218 2059; x_wconf 87' lang='lat' dir='ltr'><strong>apheliis</strong></span> <span class='ocrx_word' id='word_1_133' title='bbox 1238 1950 1312 2028; x_wconf 90' lang='lat' dir='ltr'><strong>suis,</strong></span> <span class='ocrx_word' id='word_1_134' title='bbox 1337 1950 1394 2015; x_wconf 92' lang='lat' dir='ltr'><strong>ubi</strong></span> <span class='ocrx_word' id='word_1_135' title='bbox 1414 1952 1599 2025; x_wconf 69' lang='lat' dir='ltr'><strong>tardissime</strong></span> 
     </span>
    </p>
   </div>
   <div class='ocr_carea' id='block_1_3' title="bbox 211 2117 1656 4867">
    <p class='ocr_par' dir='ltr' id='par_1_5' title="bbox 211 2117 1656 4867">
     <span class='ocr_line' id='line_1_15' title="bbox 330 2117 1598 2187; baseline 0 -18"><span class='ocrx_word' id='word_1_136' title='bbox 330 2122 429 2187; x_wconf 73' lang='lat' dir='ltr'><strong>(¹)17a</strong></span> <span class='ocrx_word' id='word_1_137' title='bbox 445 2124 458 2153; x_wconf 83' lang='lat'><em>⁰</em></span> <span class='ocrx_word' id='word_1_138' title='bbox 472 2126 521 2171; x_wconf 80' lang='lat' dir='ltr'><strong>Car</strong></span> <span class='ocrx_word' id='word_1_139' title='bbox 537 2130 629 2170; x_wconf 72' lang='lat' dir='ltr'><strong>cometa</strong></span> <span class='ocrx_word' id='word_1_140' title='bbox 639 2138 688 2171; x_wconf 80' lang='lat' dir='ltr'><strong>noo</strong></span> <span class='ocrx_word' id='word_1_141' title='bbox 703 2122 926 2183; x_wconf 74' lang='lat' dir='ltr'><strong>comprehaadaatar</strong></span> <span class='ocrx_word' id='word_1_142' title='bbox 957 2128 1032 2167; x_wconf 84' lang='lat' dir='ltr'><strong>totam</strong></span> <span class='ocrx_word' id='word_1_143' title='bbox 1050 2118 1122 2167; x_wconf 84' lang='lat' dir='ltr'><strong>sensit</strong></span> <span class='ocrx_word' id='word_1_144' title='bbox 1139 2118 1224 2167; x_wconf 83' lang='lat' dir='ltr'><strong>clariss.</strong></span> <span class='ocrx_word' id='word_1_145' title='bbox 1239 2117 1282 2166; x_wconf 80' lang='lat' dir='ltr'><strong>vir·</strong></span> <span class='ocrx_word' id='word_1_146' title='bbox 1318 2118 1444 2181; x_wconf 79' lang='lat' dir='ltr'><strong>Oposteret</strong></span> <span class='ocrx_word' id='word_1_147' title='bbox 1459 2122 1548 2169; x_wconf 80' lang='lat' dir='ltr'><strong>seilicet</strong></span> <span class='ocrx_word' id='word_1_148' title='bbox 1566 2134 1598 2169; x_wconf 87' lang='lat' dir='ltr'><strong>at</strong></span> 
     </span>
     <span class='ocr_line' id='line_1_16' title="bbox 297 2182 1597 2246; baseline -0.002 -10"><span class='ocrx_word' id='word_1_149' title='bbox 297 2188 395 2236; x_wconf 75' lang='lat' dir='ltr'><strong>radiaco.</strong></span> <span class='ocrx_word' id='word_1_150' title='bbox 433 2186 473 2235; x_wconf 82' lang='lat' dir='ltr'><strong>Er</strong></span> <span class='ocrx_word' id='word_1_151' title='bbox 483 2189 603 2233; x_wconf 83' lang='lat' dir='ltr'><strong>observato</strong></span> <span class='ocrx_word' id='word_1_152' title='bbox 613 2185 675 2246; x_wconf 69' lang='lat' dir='ltr'><strong>sapei</strong></span> <span class='ocrx_word' id='word_1_153' title='bbox 686 2187 771 2244; x_wconf 68' lang='lat' dir='ltr'><strong>sapius</strong></span> <span class='ocrx_word' id='word_1_154' title='bbox 781 2194 926 2231; x_wconf 70' lang='lat' dir='ltr'><strong>cometarium</strong></span> <span class='ocrx_word' id='word_1_155' title='bbox 958 2193 1049 2231; x_wconf 73' lang='lat' dir='ltr'><strong>mets</strong></span> <span class='ocrx_word' id='word_1_156' title='bbox 1068 2184 1110 2231; x_wconf 86' lang='lat' dir='ltr'><strong>ille</strong></span> <span class='ocrx_word' id='word_1_157' title='bbox 1128 2182 1200 2245; x_wconf 74' lang='lat' dir='ltr'><strong>paulo</strong></span> <span class='ocrx_word' id='word_1_158' title='bbox 1217 2195 1274 2231; x_wconf 84' lang='lat' dir='ltr'><strong>ante</strong></span> <span class='ocrx_word' id='word_1_159' title='bbox 1299 2189 1339 2232; x_wconf 72' lang='lat'><strong>27¹.</strong></span> <span class='ocrx_word' id='word_1_160' title='bbox 1356 2184 1423 2233; x_wconf 73' lang='lat' dir='ltr'><strong>rbem</strong></span> <span class='ocrx_word' id='word_1_161' title='bbox 1448 2186 1597 2233; x_wconf 79' lang='lat' dir='ltr'><strong>Novembris</strong></span> 
     </span>
     <span class='ocr_line' id='line_1_17' title="bbox 282 2243 1595 2314; baseline -0.002 -17"><span class='ocrx_word' id='word_1_162' title='bbox 282 2266 369 2314; x_wconf 63' lang='lat' dir='ltr'><strong>,cuma</strong></span> <span class='ocrx_word' id='word_1_163' title='bbox 388 2243 522 2312; x_wconf 65' lang='lat' dir='ltr'><strong>rasog‘rsm</strong></span> <span class='ocrx_word' id='word_1_164' title='bbox 543 2249 643 2297; x_wconf 83' lang='lat' dir='ltr'><strong>deduxit</strong></span> <span class='ocrx_word' id='word_1_165' title='bbox 669 2250 800 2297; x_wconf 66' lang='lat' dir='ltr'><strong>Nestorius</strong></span> <span class='ocrx_word' id='word_1_166' title='bbox 823 2260 926 2295; x_wconf 70' lang='lat' dir='ltr'><strong>comem</strong></span> <span class='ocrx_word' id='word_1_167' title='bbox 957 2263 1000 2307; x_wconf 85' lang='lat' dir='ltr'><strong>per</strong></span> <span class='ocrx_word' id='word_1_168' title='bbox 1017 2248 1108 2295; x_wconf 83' lang='lat' dir='ltr'><strong>nodum</strong></span> <span class='ocrx_word' id='word_1_169' title='bbox 1129 2248 1306 2297; x_wconf 82' lang='lat' dir='ltr'><strong>desoeudeutesn</strong></span> <span class='ocrx_word' id='word_1_170' title='bbox 1327 2249 1443 2296; x_wconf 66' lang='lat' dir='ltr'><strong>manmit</strong></span> <span class='ocrx_word' id='word_1_171' title='bbox 1463 2260 1488 2296; x_wconf 89' lang='lat' dir='ltr'><strong>et</strong></span> <span class='ocrx_word' id='word_1_172' title='bbox 1507 2265 1595 2295; x_wconf 81' lang='lat' dir='ltr'><strong>versus</strong></span> 
     </span>
     <span class='ocr_line' id='line_1_18' title="bbox 296 2310 1595 2373; baseline -0.001 -13"><span class='ocrx_word' id='word_1_173' title='bbox 296 2330 345 2360; x_wconf 93' lang='lat' dir='ltr'><strong>non</strong></span> <span class='ocrx_word' id='word_1_174' title='bbox 355 2314 519 2373; x_wconf 82' lang='lat' dir='ltr'><strong>comprehendi</strong></span> <span class='ocrx_word' id='word_1_175' title='bbox 530 2314 624 2360; x_wconf 81' lang='lat' dir='ltr'><strong>zodiaco</strong></span> <span class='ocrx_word' id='word_1_176' title='bbox 634 2327 699 2359; x_wconf 88' lang='lat' dir='ltr'><strong>more</strong></span> <span class='ocrx_word' id='word_1_177' title='bbox 710 2311 865 2373; x_wconf 81' lang='lat' dir='ltr'><strong>planetarum,</strong></span> <span class='ocrx_word' id='word_1_178' title='bbox 881 2310 922 2357; x_wconf 88' lang='lat' dir='ltr'><strong>sed</strong></span> <span class='ocrx_word' id='word_1_179' title='bbox 954 2312 1017 2356; x_wconf 87' lang='lat' dir='ltr'><strong>diem</strong></span> <span class='ocrx_word' id='word_1_180' title='bbox 1041 2316 1077 2360; x_wconf 82' lang='lat'><strong>17.</strong></span> <span class='ocrx_word' id='word_1_181' title='bbox 1104 2312 1243 2360; x_wconf 70' lang='lat' dir='ltr'><strong>Decembris</strong></span> <span class='ocrx_word' id='word_1_182' title='bbox 1262 2312 1293 2359; x_wconf 88' lang='lat' dir='ltr'><strong>ad</strong></span> <span class='ocrx_word' id='word_1_183' title='bbox 1313 2312 1403 2359; x_wconf 88' lang='lat' dir='ltr'><strong>nodum</strong></span> <span class='ocrx_word' id='word_1_184' title='bbox 1423 2311 1595 2360; x_wconf 75' lang='lat' dir='ltr'><strong>rependentem</strong></span> 
     </span>
     <span class='ocr_line' id='line_1_19' title="bbox 296 2373 1592 2439; baseline 0 -16"><span class='ocrx_word' id='word_1_185' title='bbox 296 2378 352 2424; x_wconf 75' lang='lat' dir='ltr'><strong>iude</strong></span> <span class='ocrx_word' id='word_1_186' title='bbox 366 2379 506 2439; x_wconf 74' lang='lat' dir='ltr'><strong>migrasset</strong></span> <span class='ocrx_word' id='word_1_187' title='bbox 522 2378 624 2423; x_wconf 81' lang='lat' dir='ltr'><strong>motibus</strong></span> <span class='ocrx_word' id='word_1_188' title='bbox 639 2376 707 2423; x_wconf 56' lang='lat' dir='ltr'><strong>irruis</strong></span> <span class='ocrx_word' id='word_1_189' title='bbox 721 2375 747 2421; x_wconf 86' lang='lat' dir='ltr'><strong>in</strong></span> <span class='ocrx_word' id='word_1_190' title='bbox 761 2387 842 2421; x_wconf 85' lang='lat' dir='ltr'><strong>omues</strong></span> <span class='ocrx_word' id='word_1_191' title='bbox 852 2374 923 2421; x_wconf 82' lang='lat' dir='ltr'><strong>eoelo-</strong></span> <span class='ocrx_word' id='word_1_192' title='bbox 954 2375 1091 2434; x_wconf 65' lang='lat' dir='ltr'><strong>merent,</strong></span> <span class='ocrx_word' id='word_1_193' title='bbox 1104 2373 1208 2437; x_wconf 71' lang='lat' dir='ltr'><strong>ideoque</strong></span> <span class='ocrx_word' id='word_1_194' title='bbox 1216 2384 1307 2423; x_wconf 61' lang='lat' dir='ltr'><strong>comma</strong></span> <span class='ocrx_word' id='word_1_195' title='bbox 1316 2377 1414 2423; x_wconf 75' lang='lat' dir='ltr'><strong>breviori</strong></span> <span class='ocrx_word' id='word_1_196' title='bbox 1429 2375 1502 2438; x_wconf 76' lang='lat' dir='ltr'><strong>quam</strong></span> <span class='ocrx_word' id='word_1_197' title='bbox 1513 2378 1592 2423; x_wconf 88' lang='lat' dir='ltr'><strong>unius</strong></span> 
     </span>
     <span class='ocr_line' id='line_1_20' title="bbox 296 2429 1593 2565; baseline 0.002 -80"><span class='ocrx_word' id='word_1_198' title='bbox 296 2456 348 2515; x_wconf 66' lang='lat' dir='ltr'><strong>rum</strong></span> <span class='ocrx_word' id='word_1_199' title='bbox 359 2444 465 2550; x_wconf 67' lang='lat' dir='ltr'><strong>regiopps</strong></span> <span class='ocrx_word' id='word_1_200' title='bbox 475 2454 601 2549; x_wconf 44' lang='lat' dir='ltr'><strong>erumpere..</strong></span> <span class='ocrx_word' id='word_1_201' title='bbox 640 2442 752 2553; x_wconf 68' lang='lat' dir='ltr'><strong>Attapppp</strong></span> <span class='ocrx_word' id='word_1_202' title='bbox 762 2435 926 2565; x_wconf 52' lang='lat' dir='ltr'><strong>em</strong></span> <span class='ocrx_word' id='word_1_203' title='bbox 954 2436 1043 2561; x_wconf 52' lang='lat' dir='ltr'><strong>spirbeprsh</strong></span> <span class='ocrx_word' id='word_1_204' title='bbox 1050 2440 1180 2562; x_wconf 48' lang='grc' dir='ltr'>111ζῖῃῶ</span> <span class='ocrx_word' id='word_1_205' title='bbox 1196 2441 1383 2552; x_wconf 51' lang='lat' dir='ltr'><strong>totumuurp</strong></span> <span class='ocrx_word' id='word_1_206' title='bbox 1393 2429 1507 2518; x_wconf 70' lang='lat' dir='ltr'><strong>qupd⁴est</strong></span> <span class='ocrx_word' id='word_1_207' title='bbox 1523 2440 1593 2550; x_wconf 56' lang='lat' dir='ltr'><strong>irpp&#39;rri</strong></span> 
     </span>
     <span class='ocr_line' id='line_1_21' title="bbox 295 2513 1593 2551; baseline -0.002 -1"><span class='ocrx_word' id='word_1_208' title='bbox 295 2518 401 2551; x_wconf 84' lang='lat' dir='ltr'><strong>srausm</strong></span> <span class='ocrx_word' id='word_1_209' title='bbox 449 2518 529 2550; x_wconf 88' lang='lat' dir='ltr'><strong>onum.</strong></span> <span class='ocrx_word' id='word_1_210' title='bbox 565 2518 674 2549; x_wconf 77' lang='lat' dir='ltr'><strong>ansam</strong></span> <span class='ocrx_word' id='word_1_211' title='bbox 751 2534 759 2549; x_wconf 90' lang='lat'><strong>.</strong></span> <span class='ocrx_word' id='word_1_212' title='bbox 1011 2516 1054 2549; x_wconf 88' lang='lat' dir='ltr'><strong>usn</strong></span> <span class='ocrx_word' id='word_1_213' title='bbox 1102 2516 1109 2545; x_wconf 90' lang='grc' dir='ltr'>ι</span> <span class='ocrx_word' id='word_1_214' title='bbox 1193 2514 1229 2549; x_wconf 86' lang='lat' dir='ltr'><strong>trs</strong></span> <span class='ocrx_word' id='word_1_215' title='bbox 1380 2513 1537 2551; x_wconf 65' lang='lat' dir='ltr'><strong>monum</strong></span> <span class='ocrx_word' id='word_1_216' title='bbox 1561 2522 1593 2551; x_wconf 86' lang='lat' dir='ltr'><strong>o.</strong></span> 
     </span>
     <span class='ocr_line' id='line_1_22' title="bbox 296 2519 1591 2627; baseline 0 -12"><span class='ocrx_word' id='word_1_217' title='bbox 296 2578 442 2615; x_wconf 81' lang='lat' dir='ltr'><strong>cometarum</strong></span> <span class='ocrx_word' id='word_1_218' title='bbox 454 2581 531 2613; x_wconf 86' lang='lat' dir='ltr'><strong>motus</strong></span> <span class='ocrx_word' id='word_1_219' title='bbox 541 2566 572 2613; x_wconf 82' lang='lat' dir='ltr'><strong>ad</strong></span> <span class='ocrx_word' id='word_1_220' title='bbox 582 2566 680 2613; x_wconf 87' lang='lat' dir='ltr'><strong>directos</strong></span> <span class='ocrx_word' id='word_1_221' title='bbox 696 2564 795 2616; x_wconf 77' lang='lat' dir='ltr'><strong>redimit.</strong></span> <span class='ocrx_word' id='word_1_222' title='bbox 831 2564 924 2612; x_wconf 73' lang='lat' dir='ltr'><strong>Verum</strong></span> <span class='ocrx_word' id='word_1_223' title='bbox 956 2567 1012 2611; x_wconf 83' lang='lat' dir='ltr'><strong>eiras</strong></span> <span class='ocrx_word' id='word_1_224' title='bbox 1027 2576 1090 2613; x_wconf 80' lang='lat' dir='ltr'><strong>caret</strong></span> <span class='ocrx_word' id='word_1_225' title='bbox 1100 2519 1308 2621; x_wconf 78' lang='lat' dir='ltr'><strong>verisimilitbdiue,</strong></span> <span class='ocrx_word' id='word_1_226' title='bbox 1324 2580 1367 2613; x_wconf 84' lang='lat' dir='ltr'><strong>nee</strong></span> <span class='ocrx_word' id='word_1_227' title='bbox 1380 2567 1499 2613; x_wconf 85' lang='lat' dir='ltr'><strong>conciliari</strong></span> <span class='ocrx_word' id='word_1_228' title='bbox 1516 2583 1591 2627; x_wconf 77' lang='lat' dir='ltr'><strong>posse</strong></span> 
     </span>
     <span class='ocr_line' id='line_1_23' title="bbox 294 2628 1590 2693; baseline 0.001 -15"><span class='ocrx_word' id='word_1_229' title='bbox 294 2646 323 2678; x_wconf 91' lang='lat' dir='ltr'><strong>eo</strong></span> <span class='ocrx_word' id='word_1_230' title='bbox 339 2630 436 2678; x_wconf 80' lang='lat' dir='ltr'><strong>artificio</strong></span> <span class='ocrx_word' id='word_1_231' title='bbox 452 2630 528 2677; x_wconf 87' lang='lat' dir='ltr'><strong>utitur</strong></span> <span class='ocrx_word' id='word_1_232' title='bbox 542 2629 733 2677; x_wconf 77' lang='lat' dir='ltr'><strong>virdoaa‘atms</strong></span> <span class='ocrx_word' id='word_1_233' title='bbox 748 2640 777 2677; x_wconf 90' lang='lat' dir='ltr'><strong>ut</strong></span> <span class='ocrx_word' id='word_1_234' title='bbox 790 2628 925 2677; x_wconf 82' lang='lat' dir='ltr'><strong>distantiam</strong></span> <span class='ocrx_word' id='word_1_235' title='bbox 956 2629 1048 2677; x_wconf 79' lang='lat' dir='ltr'><strong>videtur</strong></span> <span class='ocrx_word' id='word_1_236' title='bbox 1068 2644 1127 2676; x_wconf 85' lang='lat' dir='ltr'><strong>earn</strong></span> <span class='ocrx_word' id='word_1_237' title='bbox 1145 2630 1271 2678; x_wconf 66' lang='lat' dir='ltr'><strong>ebserruis</strong></span> <span class='ocrx_word' id='word_1_238' title='bbox 1290 2630 1362 2693; x_wconf 75' lang='lat' dir='ltr'><strong>longo</strong></span> <span class='ocrx_word' id='word_1_239' title='bbox 1381 2632 1493 2691; x_wconf 68' lang='lat' dir='ltr'><strong>tmpore</strong></span> <span class='ocrx_word' id='word_1_240' title='bbox 1507 2632 1590 2690; x_wconf 81' lang='lat' dir='ltr'><strong>spatio</strong></span> 
     </span>
     <span class='ocr_line' id='line_1_24' title="bbox 294 2692 1588 2760; baseline -0.001 -17"><span class='ocrx_word' id='word_1_241' title='bbox 294 2706 392 2743; x_wconf 78' lang='lat' dir='ltr'><strong>uometa</strong></span> <span class='ocrx_word' id='word_1_242' title='bbox 401 2711 416 2742; x_wconf 81' lang='lat' dir='ltr'><strong>a</strong></span> <span class='ocrx_word' id='word_1_243' title='bbox 428 2692 548 2743; x_wconf 74' lang='lat' dir='ltr'><strong>Teurisd</strong></span> <span class='ocrx_word' id='word_1_244' title='bbox 558 2693 615 2748; x_wconf 77' lang='lat' dir='ltr'><strong>Sola</strong></span> <span class='ocrx_word' id='word_1_245' title='bbox 625 2709 667 2755; x_wconf 89' lang='lat' dir='ltr'><strong>pro</strong></span> <span class='ocrx_word' id='word_1_246' title='bbox 677 2693 771 2760; x_wconf 79' lang='lat' dir='ltr'><strong>arbitrio</strong></span> <span class='ocrx_word' id='word_1_247' title='bbox 782 2704 890 2750; x_wconf 72' lang='lat' dir='ltr'><strong>mourut,</strong></span> <span class='ocrx_word' id='word_1_248' title='bbox 900 2703 924 2741; x_wconf 85' lang='lat' dir='ltr'><strong>et</strong></span> <span class='ocrx_word' id='word_1_249' title='bbox 956 2693 1028 2754; x_wconf 88' lang='lat' dir='ltr'><strong>hujus</strong></span> <span class='ocrx_word' id='word_1_250' title='bbox 1038 2702 1135 2743; x_wconf 76' lang='lat' dir='ltr'><strong>omnete</strong></span> <span class='ocrx_word' id='word_1_251' title='bbox 1145 2693 1247 2748; x_wconf 78' lang='lat' dir='ltr'><strong>motibus</strong></span> <span class='ocrx_word' id='word_1_252' title='bbox 1252 2712 1261 2752; x_wconf 65' lang='grc' dir='ltr'><strong><em>ς</em></strong></span> <span class='ocrx_word' id='word_1_253' title='bbox 1277 2694 1391 2741; x_wconf 76' lang='lat' dir='ltr'><strong>hir-,euim</strong></span> <span class='ocrx_word' id='word_1_254' title='bbox 1399 2703 1588 2742; x_wconf 68' lang='lat' dir='ltr'><strong>asmnomorum</strong></span> 
     </span>
     <span class='ocr_line' id='line_1_25' title="bbox 292 2755 1588 2820; baseline -0.001 -14"><span class='ocrx_word' id='word_1_255' title='bbox 292 2758 365 2805; x_wconf 72' lang='lat' dir='ltr'><strong>nodo</strong></span> <span class='ocrx_word' id='word_1_256' title='bbox 381 2759 502 2806; x_wconf 84' lang='lat' dir='ltr'><strong>Tellurem</strong></span> <span class='ocrx_word' id='word_1_257' title='bbox 518 2758 578 2804; x_wconf 87' lang='lat' dir='ltr'><strong>inter</strong></span> <span class='ocrx_word' id='word_1_258' title='bbox 590 2757 667 2804; x_wconf 88' lang='lat' dir='ltr'><strong>Solem</strong></span> <span class='ocrx_word' id='word_1_259' title='bbox 679 2766 702 2803; x_wconf 87' lang='lat' dir='ltr'><strong>et</strong></span> <span class='ocrx_word' id='word_1_260' title='bbox 712 2766 834 2813; x_wconf 82' lang='lat' dir='ltr'><strong>cometam,</strong></span> <span class='ocrx_word' id='word_1_261' title='bbox 852 2755 924 2805; x_wconf 71' lang='lat' dir='ltr'><strong>modo</strong></span> <span class='ocrx_word' id='word_1_262' title='bbox 955 2756 1035 2803; x_wconf 73' lang='lat' dir='ltr'><strong>oculis.</strong></span> <span class='ocrx_word' id='word_1_263' title='bbox 1047 2756 1095 2805; x_wconf 72' lang='lat' dir='ltr'><strong>ciro</strong></span> <span class='ocrx_word' id='word_1_264' title='bbox 1113 2772 1162 2804; x_wconf 81' lang='lat' dir='ltr'><strong>sese</strong></span> <span class='ocrx_word' id='word_1_265' title='bbox 1175 2756 1330 2805; x_wconf 80' lang='lat' dir='ltr'><strong>subduxisset.</strong></span> <span class='ocrx_word' id='word_1_266' title='bbox 1365 2758 1474 2820; x_wconf 58' lang='lat' dir='ltr'><strong>&amp;ligulas</strong></span> <span class='ocrx_word' id='word_1_267' title='bbox 1484 2760 1588 2817; x_wconf 81' lang='lat' dir='ltr'><strong>expliea-</strong></span> 
     </span>
     <span class='ocr_line' id='line_1_26' title="bbox 293 2820 1589 2886; baseline 0 -16"><span class='ocrx_word' id='word_1_268' title='bbox 293 2834 408 2872; x_wconf 77' lang='lat' dir='ltr'><strong>usmetam</strong></span> <span class='ocrx_word' id='word_1_269' title='bbox 423 2823 484 2870; x_wconf 88' lang='lat' dir='ltr'><strong>iuter</strong></span> <span class='ocrx_word' id='word_1_270' title='bbox 501 2821 580 2871; x_wconf 89' lang='lat' dir='ltr'><strong>Solem</strong></span> <span class='ocrx_word' id='word_1_271' title='bbox 594 2831 619 2870; x_wconf 90' lang='lat' dir='ltr'><strong>et</strong></span> <span class='ocrx_word' id='word_1_272' title='bbox 638 2820 760 2870; x_wconf 80' lang='lat' dir='ltr'><strong>Tellurem</strong></span> <span class='ocrx_word' id='word_1_273' title='bbox 777 2836 805 2870; x_wconf 85' lang='lat' dir='ltr'><strong>so</strong></span> <span class='ocrx_word' id='word_1_274' title='bbox 821 2822 923 2884; x_wconf 77' lang='lat' dir='ltr'><strong>deaiqire</strong></span> <span class='ocrx_word' id='word_1_275' title='bbox 955 2821 1094 2884; x_wconf 63' lang='lat' dir='ltr'><strong>danmatio</strong></span> <span class='ocrx_word' id='word_1_276' title='bbox 1103 2822 1129 2868; x_wconf 89' lang='lat' dir='ltr'><strong>ia</strong></span> <span class='ocrx_word' id='word_1_277' title='bbox 1143 2821 1245 2870; x_wconf 77' lang='lat' dir='ltr'><strong>loeo-sit.</strong></span> <span class='ocrx_word' id='word_1_278' title='bbox 1259 2822 1371 2881; x_wconf 72' lang='lat' dir='ltr'><strong>Menum.</strong></span> <span class='ocrx_word' id='word_1_279' title='bbox 1387 2822 1462 2872; x_wconf 74' lang='lat' dir='ltr'><strong>Pstis.</strong></span> <span class='ocrx_word' id='word_1_280' title='bbox 1474 2822 1589 2886; x_wconf 67' lang='lat' dir='ltr'><strong>leguntur</strong></span> 
     </span>
     <span class='ocr_line' id='line_1_27' title="bbox 295 2885 1587 2949; baseline -0.002 -13"><span class='ocrx_word' id='word_1_281' title='bbox 295 2886 374 2936; x_wconf 86' lang='lat' dir='ltr'><strong>Solem</strong></span> <span class='ocrx_word' id='word_1_282' title='bbox 385 2888 446 2934; x_wconf 87' lang='lat' dir='ltr'><strong>inter</strong></span> <span class='ocrx_word' id='word_1_283' title='bbox 456 2896 570 2934; x_wconf 85' lang='lat' dir='ltr'><strong>cometam</strong></span> <span class='ocrx_word' id='word_1_284' title='bbox 584 2896 607 2934; x_wconf 93' lang='lat' dir='ltr'><strong>et</strong></span> <span class='ocrx_word' id='word_1_285' title='bbox 625 2886 753 2944; x_wconf 83' lang='lat' dir='ltr'><strong>Tellurem,</strong></span> <span class='ocrx_word' id='word_1_286' title='bbox 770 2901 813 2948; x_wconf 91' lang='lat' dir='ltr'><strong>pro</strong></span> <span class='ocrx_word' id='word_1_287' title='bbox 824 2888 923 2934; x_wconf 82' lang='lat' dir='ltr'><strong>uecessi-</strong></span> <span class='ocrx_word' id='word_1_288' title='bbox 954 2901 1089 2946; x_wconf 76' lang='lat' dir='ltr'><strong>percrurere</strong></span> <span class='ocrx_word' id='word_1_289' title='bbox 1099 2885 1193 2949; x_wconf 74' lang='lat' dir='ltr'><strong>longiis</strong></span> <span class='ocrx_word' id='word_1_290' title='bbox 1203 2888 1271 2945; x_wconf 83' lang='lat' dir='ltr'><strong>foret,</strong></span> <span class='ocrx_word' id='word_1_291' title='bbox 1283 2887 1337 2936; x_wconf 82' lang='lat' dir='ltr'><strong>satis</strong></span> <span class='ocrx_word' id='word_1_292' title='bbox 1348 2885 1482 2934; x_wconf 87' lang='lat' dir='ltr'><strong>eritaddere</strong></span> <span class='ocrx_word' id='word_1_293' title='bbox 1491 2903 1531 2933; x_wconf 86' lang='lat' dir='ltr'><strong>eas</strong></span> <span class='ocrx_word' id='word_1_294' title='bbox 1540 2889 1587 2934; x_wconf 84' lang='lat' dir='ltr'><strong>hoe</strong></span> 
     </span>
     <span class='ocr_line' id='line_1_28' title="bbox 292 2947 1585 3014; baseline 0.001 -16"><span class='ocrx_word' id='word_1_295' title='bbox 292 2959 346 3004; x_wconf 80' lang='lat' dir='ltr'><strong>tate,</strong></span> <span class='ocrx_word' id='word_1_296' title='bbox 364 2950 466 2998; x_wconf 89' lang='lat' dir='ltr'><strong>ooliooet.</strong></span> <span class='ocrx_word' id='word_1_297' title='bbox 504 2947 664 3005; x_wconf 69' lang='lat' dir='ltr'><strong>Quaestione</strong></span> <span class='ocrx_word' id='word_1_298' title='bbox 679 2949 704 2998; x_wconf 90' lang='lat' dir='ltr'><strong>id</strong></span> <span class='ocrx_word' id='word_1_299' title='bbox 720 2949 771 2996; x_wconf 82' lang='lat' dir='ltr'><strong>fieri</strong></span> <span class='ocrx_word' id='word_1_300' title='bbox 787 2952 861 3010; x_wconf 88' lang='lat' dir='ltr'><strong>possit</strong></span> <span class='ocrx_word' id='word_1_301' title='bbox 874 2964 923 2997; x_wconf 86' lang='lat' dir='ltr'><strong>uon</strong></span> <span class='ocrx_word' id='word_1_302' title='bbox 954 2950 1163 3011; x_wconf 72' lang='lat' dir='ltr'><strong>potissimum-ins</strong></span> <span class='ocrx_word' id='word_1_303' title='bbox 1172 2951 1528 3014; x_wconf 67' lang='lat' dir='ltr'><strong>mogiamasumrempe</strong></span> <span class='ocrx_word' id='word_1_304' title='bbox 1535 2966 1585 2999; x_wconf 80' lang='lat' dir='ltr'><strong>see·</strong></span> 
     </span>
     <span class='ocr_line' id='line_1_29' title="bbox 292 3013 1586 3078; baseline 0 -16"><span class='ocrx_word' id='word_1_305' title='bbox 292 3017 347 3062; x_wconf 86' lang='lat' dir='ltr'><strong>satis</strong></span> <span class='ocrx_word' id='word_1_306' title='bbox 367 3013 517 3078; x_wconf 72' lang='lat' dir='ltr'><strong>intelligitur,</strong></span> <span class='ocrx_word' id='word_1_307' title='bbox 536 3013 579 3060; x_wconf 87' lang='lat' dir='ltr'><strong>nisi</strong></span> <span class='ocrx_word' id='word_1_308' title='bbox 602 3014 683 3076; x_wconf 78' lang='lat' dir='ltr'><strong>ignota</strong></span> <span class='ocrx_word' id='word_1_309' title='bbox 701 3013 799 3061; x_wconf 77' lang='lat' dir='ltr'><strong>omniuo</strong></span> <span class='ocrx_word' id='word_1_310' title='bbox 818 3015 921 3078; x_wconf 75' lang='lat' dir='ltr'><strong>fingatur</strong></span> <span class='ocrx_word' id='word_1_311' title='bbox 955 3023 1046 3061; x_wconf 83' lang='lat' dir='ltr'><strong>varetm</strong></span> <span class='ocrx_word' id='word_1_312' title='bbox 1068 3023 1093 3061; x_wconf 88' lang='lat' dir='ltr'><strong>et</strong></span> <span class='ocrx_word' id='word_1_313' title='bbox 1114 3031 1129 3061; x_wconf 84' lang='lat' dir='ltr'><strong>a</strong></span> <span class='ocrx_word' id='word_1_314' title='bbox 1149 3013 1285 3078; x_wconf 77' lang='lat' dir='ltr'><strong>gravissimi</strong></span> <span class='ocrx_word' id='word_1_315' title='bbox 1302 3016 1430 3078; x_wconf 75' lang='lat' dir='ltr'><strong>objectime</strong></span> <span class='ocrx_word' id='word_1_316' title='bbox 1448 3014 1586 3062; x_wconf 79' lang='lat' dir='ltr'><strong>hhereretur</strong></span> 
     </span>
     <span class='ocr_line' id='line_1_30' title="bbox 212 3077 1585 3140; baseline 0 -14"><span class='ocrx_word' id='word_1_317' title='bbox 212 3092 214 3096; x_wconf 78' lang='grc'>’</span> <span class='ocrx_word' id='word_1_318' title='bbox 292 3089 436 3126; x_wconf 80' lang='lat' dir='ltr'><strong>cometarum</strong></span> <span class='ocrx_word' id='word_1_319' title='bbox 446 3077 550 3136; x_wconf 61' lang='lat' dir='ltr'><strong>theatin</strong></span> <span class='ocrx_word' id='word_1_320' title='bbox 562 3092 670 3124; x_wconf 83' lang='lat' dir='ltr'><strong>concesso</strong></span> <span class='ocrx_word' id='word_1_321' title='bbox 681 3079 744 3124; x_wconf 88' lang='lat' dir='ltr'><strong>euim</strong></span> <span class='ocrx_word' id='word_1_322' title='bbox 755 3077 922 3140; x_wconf 84' lang='lat' dir='ltr'><strong>aliquocome·</strong></span> <span class='ocrx_word' id='word_1_323' title='bbox 954 3078 1218 3140; x_wconf 72' lang='lat' dir='ltr'><strong>vordmmhypothesis.</strong></span> <span class='ocrx_word' id='word_1_324' title='bbox 1244 3077 1334 3127; x_wconf 81' lang='lat' dir='ltr'><strong>Verilm</strong></span> <span class='ocrx_word' id='word_1_325' title='bbox 1345 3079 1585 3138; x_wconf 80' lang='lat' dir='ltr'><strong>hiseuplieatiooibus</strong></span> 
     </span>
     <span class='ocr_line' id='line_1_31' title="bbox 292 3138 1584 3205; baseline 0 -15"><span class='ocrx_word' id='word_1_326' title='bbox 292 3152 370 3190; x_wconf 78' lang='lat' dir='ltr'><strong>tarum</strong></span> <span class='ocrx_word' id='word_1_327' title='bbox 381 3151 514 3204; x_wconf 62' lang='lat' dir='ltr'><strong>ammata,</strong></span> <span class='ocrx_word' id='word_1_328' title='bbox 523 3141 643 3190; x_wconf 85' lang='lat' dir='ltr'><strong>distantias</strong></span> <span class='ocrx_word' id='word_1_329' title='bbox 654 3141 708 3188; x_wconf 86' lang='lat' dir='ltr'><strong>illas</strong></span> <span class='ocrx_word' id='word_1_330' title='bbox 717 3157 761 3202; x_wconf 88' lang='lat' dir='ltr'><strong>pro</strong></span> <span class='ocrx_word' id='word_1_331' title='bbox 769 3142 846 3190; x_wconf 86' lang='lat' dir='ltr'><strong>lubitu</strong></span> <span class='ocrx_word' id='word_1_332' title='bbox 854 3157 921 3190; x_wconf 89' lang='lat' dir='ltr'><strong>usur·</strong></span> <span class='ocrx_word' id='word_1_333' title='bbox 954 3143 1096 3205; x_wconf 83' lang='lat' dir='ltr'><strong>caeteroquin</strong></span> <span class='ocrx_word' id='word_1_334' title='bbox 1111 3143 1303 3204; x_wconf 73' lang='lat' dir='ltr'><strong>ingeniosissimis</strong></span> <span class='ocrx_word' id='word_1_335' title='bbox 1315 3138 1423 3191; x_wconf 80' lang='lat' dir='ltr'><strong>nondum</strong></span> <span class='ocrx_word' id='word_1_336' title='bbox 1432 3152 1512 3190; x_wconf 83' lang='lat' dir='ltr'><strong>tamen</strong></span> <span class='ocrx_word' id='word_1_337' title='bbox 1528 3158 1584 3203; x_wconf 88' lang='lat' dir='ltr'><strong>pro·</strong></span> 
     </span>
     <span class='ocr_line' id='line_1_32' title="bbox 291 3205 1590 3267; baseline -0.002 -13"><span class='ocrx_word' id='word_1_338' title='bbox 291 3221 346 3267; x_wconf 80' lang='lat' dir='ltr'><strong>pate</strong></span> <span class='ocrx_word' id='word_1_339' title='bbox 362 3222 411 3253; x_wconf 88' lang='lat' dir='ltr'><strong>nou</strong></span> <span class='ocrx_word' id='word_1_340' title='bbox 428 3206 489 3262; x_wconf 89' lang='lat' dir='ltr'><strong>licet,</strong></span> <span class='ocrx_word' id='word_1_341' title='bbox 501 3206 542 3254; x_wconf 86' lang='lat' dir='ltr'><strong>sed</strong></span> <span class='ocrx_word' id='word_1_342' title='bbox 552 3221 582 3252; x_wconf 78' lang='lat' dir='ltr'><strong>ea</strong></span> <span class='ocrx_word' id='word_1_343' title='bbox 596 3205 656 3254; x_wconf 87' lang='lat' dir='ltr'><strong>datis</strong></span> <span class='ocrx_word' id='word_1_344' title='bbox 669 3216 778 3254; x_wconf 88' lang='lat' dir='ltr'><strong>motuum</strong></span> <span class='ocrx_word' id='word_1_345' title='bbox 792 3206 920 3262; x_wconf 86' lang='lat' dir='ltr'><strong>elementis,</strong></span> <span class='ocrx_word' id='word_1_346' title='bbox 954 3206 1044 3266; x_wconf 88' lang='lat' dir='ltr'><strong>positus</strong></span> <span class='ocrx_word' id='word_1_347' title='bbox 1062 3205 1115 3252; x_wconf 84' lang='lat' dir='ltr'><strong>tinia</strong></span> <span class='ocrx_word' id='word_1_348' title='bbox 1131 3207 1230 3254; x_wconf 85' lang='lat' dir='ltr'><strong>obtineri</strong></span> <span class='ocrx_word' id='word_1_349' title='bbox 1245 3206 1350 3266; x_wconf 85' lang='lat' dir='ltr'><strong>videtur;</strong></span> <span class='ocrx_word' id='word_1_350' title='bbox 1366 3209 1428 3254; x_wconf 84' lang='lat' dir='ltr'><strong>hsnc</strong></span> <span class='ocrx_word' id='word_1_351' title='bbox 1443 3209 1507 3253; x_wconf 86' lang='lat' dir='ltr'><strong>enirn</strong></span> <span class='ocrx_word' id='word_1_352' title='bbox 1521 3206 1590 3253; x_wconf 58' lang='grc' dir='ltr'><strong>(11111-Α</strong></span> 
     </span>
     <span class='ocr_line' id='line_1_33' title="bbox 291 3269 1582 3333; baseline 0.001 -17"><span class='ocrx_word' id='word_1_353' title='bbox 291 3281 435 3316; x_wconf 61' lang='lat' dir='ltr'><strong>minearum</strong></span> <span class='ocrx_word' id='word_1_354' title='bbox 456 3269 565 3317; x_wconf 70' lang='lat' dir='ltr'><strong>dhtsnda</strong></span> <span class='ocrx_word' id='word_1_355' title='bbox 583 3280 677 3333; x_wconf 78' lang='lat' dir='ltr'><strong>totaque</strong></span> <span class='ocrx_word' id='word_1_356' title='bbox 694 3271 826 3332; x_wconf 63' lang='lat' dir='ltr'><strong>unjmtoria</strong></span> <span class='ocrx_word' id='word_1_357' title='bbox 844 3269 921 3318; x_wconf 81' lang='lat' dir='ltr'><strong>deter-</strong></span> <span class='ocrx_word' id='word_1_358' title='bbox 952 3271 1064 3318; x_wconf 69' lang='lat' dir='ltr'><strong>eulmen</strong></span> <span class='ocrx_word' id='word_1_359' title='bbox 1080 3270 1116 3318; x_wconf 72' lang='lat' dir='ltr'><strong>et</strong></span> <span class='ocrx_word' id='word_1_360' title='bbox 1146 3272 1151 3280; x_wconf 88' lang='lat'>&#39;</span> <span class='ocrx_word' id='word_1_361' title='bbox 1192 3286 1219 3318; x_wconf 83' lang='lat' dir='ltr'><strong>es</strong></span> <span class='ocrx_word' id='word_1_362' title='bbox 1233 3271 1347 3320; x_wconf 81' lang='lat' dir='ltr'><strong>vorticum</strong></span> <span class='ocrx_word' id='word_1_363' title='bbox 1357 3272 1456 3332; x_wconf 64' lang='lat' dir='ltr'><strong>paroni,</strong></span> <span class='ocrx_word' id='word_1_364' title='bbox 1471 3271 1497 3316; x_wconf 86' lang='lat' dir='ltr'><strong>iu</strong></span> <span class='ocrx_word' id='word_1_365' title='bbox 1511 3270 1582 3317; x_wconf 81' lang='lat' dir='ltr'><strong>aliam</strong></span> 
     </span>
     <span class='ocr_line' id='line_1_34' title="bbox 290 3332 1582 3398; baseline -0.003 -14"><span class='ocrx_word' id='word_1_366' title='bbox 290 3334 418 3384; x_wconf 83' lang='lat' dir='ltr'><strong>minantur.</strong></span> <span class='ocrx_word' id='word_1_367' title='bbox 454 3335 493 3381; x_wconf 88' lang='lat' dir='ltr'><strong>Sic</strong></span> <span class='ocrx_word' id='word_1_368' title='bbox 514 3334 625 3382; x_wconf 83' lang='lat' dir='ltr'><strong>Haileius</strong></span> <span class='ocrx_word' id='word_1_369' title='bbox 645 3333 750 3381; x_wconf 82' lang='lat' dir='ltr'><strong>definivit</strong></span> <span class='ocrx_word' id='word_1_370' title='bbox 757 3334 922 3396; x_wconf 63' lang='lat' dir='ltr'><strong>trajectorism</strong></span> <span class='ocrx_word' id='word_1_371' title='bbox 945 3332 1083 3382; x_wconf 82' lang='lat' dir='ltr'><strong>incurrunt.</strong></span> <span class='ocrx_word' id='word_1_372' title='bbox 1144 3344 1245 3396; x_wconf 83' lang='lat' dir='ltr'><strong>porteret</strong></span> <span class='ocrx_word' id='word_1_373' title='bbox 1260 3335 1376 3398; x_wconf 77' lang='lat' dir='ltr'><strong>siquidem</strong></span> <span class='ocrx_word' id='word_1_374' title='bbox 1394 3345 1422 3382; x_wconf 89' lang='lat' dir='ltr'><strong>ut</strong></span> <span class='ocrx_word' id='word_1_375' title='bbox 1438 3345 1582 3381; x_wconf 84' lang='lat' dir='ltr'><strong>cometarum</strong></span> 
     </span>
     <span class='ocr_line' id='line_1_35' title="bbox 290 3397 1646 3460; baseline 0 -14"><span class='ocrx_word' id='word_1_376' title='bbox 290 3397 517 3460; x_wconf 74' lang='lat' dir='ltr'><strong>eametaequianuis</strong></span> <span class='ocrx_word' id='word_1_377' title='bbox 529 3403 600 3446; x_wconf 80' lang='lat'><strong>1664·</strong></span> <span class='ocrx_word' id='word_1_378' title='bbox 612 3408 635 3446; x_wconf 90' lang='lat' dir='ltr'><strong>et</strong></span> <span class='ocrx_word' id='word_1_379' title='bbox 653 3401 721 3447; x_wconf 85' lang='grc'>1665.</span> <span class='ocrx_word' id='word_1_380' title='bbox 734 3397 849 3459; x_wconf 84' lang='lat' dir='ltr'><strong>apperuit.</strong></span> <span class='ocrx_word' id='word_1_381' title='bbox 886 3398 922 3447; x_wconf 93' lang='lat' dir='ltr'><strong>Ut</strong></span> <span class='ocrx_word' id='word_1_382' title='bbox 952 3397 1050 3445; x_wconf 79' lang='lat' dir='ltr'><strong>vortices</strong></span> <span class='ocrx_word' id='word_1_383' title='bbox 1060 3399 1137 3458; x_wconf 70' lang='grc' dir='ltr'><strong>ῐροιιιιι</strong></span> <span class='ocrx_word' id='word_1_384' title='bbox 1150 3397 1233 3446; x_wconf 83' lang='lat' dir='ltr'><strong>saltem</strong></span> <span class='ocrx_word' id='word_1_385' title='bbox 1244 3398 1468 3446; x_wconf 78' lang='lat' dir='ltr'><strong>Telltuisvortieem</strong></span> <span class='ocrx_word' id='word_1_386' title='bbox 1484 3399 1579 3444; x_wconf 79' lang='lat' dir='ltr'><strong>interse-</strong></span> <span class='ocrx_word' id='word_1_387' title='bbox 1644 3435 1646 3441; x_wconf 91' lang='lat'><em>.</em></span> 
     </span>
     <span class='ocr_line' id='line_1_36' title="bbox 228 3461 1624 3524; baseline -0.006 -11"><span class='ocrx_word' id='word_1_388' title='bbox 228 3507 232 3513; x_wconf 88' lang='lat'><em>.</em></span> <span class='ocrx_word' id='word_1_389' title='bbox 290 3470 370 3514; x_wconf 80' lang='lat' dir='ltr'><strong>sutstu</strong></span> <span class='ocrx_word' id='word_1_390' title='bbox 390 3461 551 3522; x_wconf 77' lang='lat' dir='ltr'><strong>retrogradum</strong></span> <span class='ocrx_word' id='word_1_391' title='bbox 572 3461 644 3524; x_wconf 85' lang='lat' dir='ltr'><strong>hujus</strong></span> <span class='ocrx_word' id='word_1_392' title='bbox 654 3470 761 3524; x_wconf 12' lang='lat' dir='ltr'><strong>‘comete</strong></span> <span class='ocrx_word' id='word_1_393' title='bbox 778 3470 872 3509; x_wconf 87' lang='lat' dir='ltr'><strong>motum</strong></span> <span class='ocrx_word' id='word_1_394' title='bbox 889 3462 921 3510; x_wconf 83' lang='lat' dir='ltr'><strong>ad</strong></span> <span class='ocrx_word' id='word_1_395' title='bbox 951 3472 1038 3520; x_wconf 79' lang='lat' dir='ltr'><strong>ostent,</strong></span> <span class='ocrx_word' id='word_1_396' title='bbox 1049 3461 1113 3524; x_wconf 89' lang='lat' dir='ltr'><strong>quod</strong></span> <span class='ocrx_word' id='word_1_397' title='bbox 1123 3462 1173 3509; x_wconf 88' lang='lat' dir='ltr'><strong>sine</strong></span> <span class='ocrx_word' id='word_1_398' title='bbox 1184 3463 1296 3510; x_wconf 76' lang='lat' dir='ltr'><strong>vorticum</strong></span> <span class='ocrx_word' id='word_1_399' title='bbox 1307 3462 1479 3523; x_wconf 80' lang='lat' dir='ltr'><strong>perturbatione</strong></span> <span class='ocrx_word' id='word_1_400' title='bbox 1488 3477 1517 3508; x_wconf 86' lang='lat' dir='ltr'><strong>ao</strong></span> <span class='ocrx_word' id='word_1_401' title='bbox 1526 3472 1581 3508; x_wconf 73' lang='lat' dir='ltr'><strong>tur-</strong></span> <span class='ocrx_word' id='word_1_402' title='bbox 1621 3502 1624 3505; x_wconf 85' lang='lat'><em>.</em></span> 
     </span>
     <span class='ocr_line' id='line_1_37' title="bbox 290 3523 1579 3590; baseline 0 -18"><span class='ocrx_word' id='word_1_403' title='bbox 290 3525 405 3575; x_wconf 82' lang='lat' dir='ltr'><strong>directum</strong></span> <span class='ocrx_word' id='word_1_404' title='bbox 422 3525 517 3572; x_wconf 86' lang='lat' dir='ltr'><strong>reducat</strong></span> <span class='ocrx_word' id='word_1_405' title='bbox 536 3525 620 3572; x_wconf 88' lang='lat' dir='ltr'><strong>clariss.</strong></span> <span class='ocrx_word' id='word_1_406' title='bbox 643 3525 761 3582; x_wconf 81' lang='lat' dir='ltr'><strong>cassinus,</strong></span> <span class='ocrx_word' id='word_1_407' title='bbox 779 3525 920 3586; x_wconf 74' lang='lat' dir='ltr'><strong>talem[huic</strong></span> <span class='ocrx_word' id='word_1_408' title='bbox 950 3523 1579 3590; x_wconf 74' lang='lat' dir='ltr'><strong>demdesmuctioneiieriposseuoniutelligitur.lllias</strong></span> 
     </span>
     <span class='ocr_line' id='line_1_38' title="bbox 290 3580 1578 3652; baseline -0.001 -16"><span class='ocrx_word' id='word_1_409' title='bbox 290 3597 387 3636; x_wconf 71' lang='lat' dir='ltr'><strong>manetes</strong></span> <span class='ocrx_word' id='word_1_410' title='bbox 398 3599 489 3639; x_wconf 80' lang='lat' dir='ltr'><strong>motum</strong></span> <span class='ocrx_word' id='word_1_411' title='bbox 500 3589 581 3636; x_wconf 86' lang='lat' dir='ltr'><strong>tribuit</strong></span> <span class='ocrx_word' id='word_1_412' title='bbox 588 3589 628 3652; x_wconf 88' lang='lat' dir='ltr'><strong>qui</strong></span> <span class='ocrx_word' id='word_1_413' title='bbox 639 3603 694 3636; x_wconf 82' lang='lat' dir='ltr'><strong>oum</strong></span> <span class='ocrx_word' id='word_1_414' title='bbox 707 3589 798 3636; x_wconf 85' lang='lat' dir='ltr'><strong>Halieii</strong></span> <span class='ocrx_word' id='word_1_415' title='bbox 808 3599 920 3651; x_wconf 83' lang='lat' dir='ltr'><strong>computo</strong></span> <span class='ocrx_word' id='word_1_416' title='bbox 950 3589 1090 3650; x_wconf 77' lang='lat' dir='ltr'><strong>hypotheses</strong></span> <span class='ocrx_word' id='word_1_417' title='bbox 1100 3589 1218 3638; x_wconf 79' lang='lat' dir='ltr'><strong>tinxenmt</strong></span> <span class='ocrx_word' id='word_1_418' title='bbox 1227 3591 1276 3638; x_wconf 86' lang='lat' dir='ltr'><strong>alii·</strong></span> <span class='ocrx_word' id='word_1_419' title='bbox 1294 3580 1527 3647; x_wconf 73' lang='lat' dir='ltr'><strong>&#39;Quidameometss</strong></span> <span class='ocrx_word' id='word_1_420' title='bbox 1536 3591 1578 3636; x_wconf 80' lang='lat' dir='ltr'><strong>bs·</strong></span> 
     </span>
     <span class='ocr_line' id='line_1_39' title="bbox 211 3652 1578 3780; baseline -0.003 -14"><span class='ocrx_word' id='word_1_421' title='bbox 211 3704 212 3708; x_wconf 61' lang='lat'>‘</span> <span class='ocrx_word' id='word_1_422' title='bbox 290 3653 585 3766; x_wconf 55' lang='lat' dir='ltr'><strong>immittit</strong></span> <span class='ocrx_word' id='word_1_423' title='bbox 595 3652 921 3780; x_wconf 49' lang='lat' dir='ltr'><strong>innitimini</strong></span> <span class='ocrx_word' id='word_1_424' title='bbox 951 3653 1578 3766; x_wconf 56' lang='lat' dir='ltr'><strong>btfflttititt‘ttttdtiittt</strong></span> 
     </span>
     <span class='ocr_line' id='line_1_40' title="bbox 289 3771 1576 3844; baseline -0.002 -14"><span class='ocrx_word' id='word_1_425' title='bbox 289 3779 538 3840; x_wconf 71' lang='lat' dir='ltr'><strong>pauldsntesxhihits.</strong></span> <span class='ocrx_word' id='word_1_426' title='bbox 565 3780 679 3838; x_wconf 79' lang='lat' dir='ltr'><strong>Quamvis</strong></span> <span class='ocrx_word' id='word_1_427' title='bbox 689 3771 767 3842; x_wconf 69' lang='lat' dir='ltr'><strong>itaque</strong></span> <span class='ocrx_word' id='word_1_428' title='bbox 775 3781 920 3844; x_wconf 81' lang='lat' dir='ltr'><strong>retrogradae</strong></span> <span class='ocrx_word' id='word_1_429' title='bbox 953 3781 1070 3827; x_wconf 85' lang='lat' dir='ltr'><strong>Nonnulli</strong></span> <span class='ocrx_word' id='word_1_430' title='bbox 1085 3783 1343 3830; x_wconf 84' lang='lat' dir='ltr'><strong>eoshabuaruutvelut</strong></span> <span class='ocrx_word' id='word_1_431' title='bbox 1355 3781 1465 3830; x_wconf 82' lang='lat' dir='ltr'><strong>satellites</strong></span> <span class='ocrx_word' id='word_1_432' title='bbox 1479 3780 1576 3842; x_wconf 84' lang='lat' dir='ltr'><strong>planetae</strong></span> 
     </span>
     <span class='ocr_line' id='line_1_41' title="bbox 288 3843 1573 3908; baseline 0 -18"><span class='ocrx_word' id='word_1_433' title='bbox 288 3855 433 3893; x_wconf 86' lang='lat' dir='ltr'><strong>cometarum</strong></span> <span class='ocrx_word' id='word_1_434' title='bbox 447 3856 526 3892; x_wconf 86' lang='lat' dir='ltr'><strong>motus</strong></span> <span class='ocrx_word' id='word_1_435' title='bbox 536 3845 566 3894; x_wconf 81' lang='lat' dir='ltr'><strong>ad</strong></span> <span class='ocrx_word' id='word_1_436' title='bbox 577 3844 674 3892; x_wconf 80' lang='lat' dir='ltr'><strong>directos</strong></span> <span class='ocrx_word' id='word_1_437' title='bbox 689 3843 812 3908; x_wconf 79' lang='lat' dir='ltr'><strong>ingeniosi</strong></span> <span class='ocrx_word' id='word_1_438' title='bbox 822 3855 871 3892; x_wconf 90' lang='lat' dir='ltr'><strong>arte</strong></span> <span class='ocrx_word' id='word_1_439' title='bbox 882 3861 918 3892; x_wconf 83' lang='lat' dir='ltr'><strong>ra-</strong></span> <span class='ocrx_word' id='word_1_440' title='bbox 950 3845 1072 3907; x_wconf 81' lang='lat' dir='ltr'><strong>cujusdam</strong></span> <span class='ocrx_word' id='word_1_441' title='bbox 1089 3845 1193 3906; x_wconf 87' lang='lat' dir='ltr'><strong>primarii</strong></span> <span class='ocrx_word' id='word_1_442' title='bbox 1211 3845 1236 3891; x_wconf 89' lang='lat' dir='ltr'><strong>in</strong></span> <span class='ocrx_word' id='word_1_443' title='bbox 1252 3857 1331 3894; x_wconf 88' lang='lat' dir='ltr'><strong>nostro</strong></span> <span class='ocrx_word' id='word_1_444' title='bbox 1349 3848 1434 3894; x_wconf 86' lang='lat' dir='ltr'><strong>sortioe</strong></span> <span class='ocrx_word' id='word_1_445' title='bbox 1449 3845 1573 3902; x_wconf 81' lang='lat' dir='ltr'><strong>constituti,</strong></span> 
     </span>
     <span class='ocr_line' id='line_1_42' title="bbox 288 3907 1655 3970; baseline 0 -15"><span class='ocrx_word' id='word_1_446' title='bbox 288 3907 382 3959; x_wconf 83' lang='lat' dir='ltr'><strong>duxerit</strong></span> <span class='ocrx_word' id='word_1_447' title='bbox 394 3909 513 3966; x_wconf 65' lang='lat' dir='ltr'><strong>Casinus,</strong></span> <span class='ocrx_word' id='word_1_448' title='bbox 524 3909 607 3960; x_wconf 77' lang='lat' dir='ltr'><strong>maid</strong></span> <span class='ocrx_word' id='word_1_449' title='bbox 618 3909 918 3956; x_wconf 64' lang='lat' dir='ltr'><strong>ammsuisessearbina</strong></span> <span class='ocrx_word' id='word_1_450' title='bbox 949 3909 990 3970; x_wconf 80' lang='lat' dir='ltr'><strong>qui</strong></span> <span class='ocrx_word' id='word_1_451' title='bbox 1001 3919 1078 3958; x_wconf 81' lang='lat' dir='ltr'><strong>tamen</strong></span> <span class='ocrx_word' id='word_1_452' title='bbox 1089 3912 1119 3955; x_wconf 90' lang='lat' dir='ltr'><strong>ub</strong></span> <span class='ocrx_word' id='word_1_453' title='bbox 1129 3910 1256 3967; x_wconf 81' lang='lat' dir='ltr'><strong>maximam</strong></span> <span class='ocrx_word' id='word_1_454' title='bbox 1270 3912 1334 3958; x_wconf 86' lang='lat' dir='ltr'><strong>illius</strong></span> <span class='ocrx_word' id='word_1_455' title='bbox 1343 3928 1358 3958; x_wconf 84' lang='lat' dir='ltr'><strong>a</strong></span> <span class='ocrx_word' id='word_1_456' title='bbox 1368 3910 1576 3960; x_wconf 82' lang='lat' dir='ltr'><strong>nobis&#39;distautiam</strong></span> <span class='ocrx_word' id='word_1_457' title='bbox 1654 3932 1655 3967; x_wconf 70' lang='lat' dir='ltr'><strong>i</strong></span> 
     </span>
     <span class='ocr_line' id='line_1_43' title="bbox 287 3973 1656 4034; baseline -0.001 -14"><span class='ocrx_word' id='word_1_458' title='bbox 287 3987 342 4020; x_wconf 85' lang='lat' dir='ltr'><strong>mur</strong></span> <span class='ocrx_word' id='word_1_459' title='bbox 352 3983 380 4020; x_wconf 91' lang='lat' dir='ltr'><strong>ut</strong></span> <span class='ocrx_word' id='word_1_460' title='bbox 390 3989 442 4022; x_wconf 87' lang='lat' dir='ltr'><strong>eam</strong></span> <span class='ocrx_word' id='word_1_461' title='bbox 453 3973 583 4034; x_wconf 71' lang='lat' dir='ltr'><strong>rejicimus</strong></span> <span class='ocrx_word' id='word_1_462' title='bbox 591 3983 735 4021; x_wconf 71' lang='lat' dir='ltr'><strong>cometeuum</strong></span> <span class='ocrx_word' id='word_1_463' title='bbox 745 3973 857 4020; x_wconf 88' lang='lat' dir='ltr'><strong>theoriam</strong></span> <span class='ocrx_word' id='word_1_464' title='bbox 865 3989 918 4034; x_wconf 76' lang='lat' dir='ltr'><strong>qua</strong></span> <span class='ocrx_word' id='word_1_465' title='bbox 950 3973 1052 4033; x_wconf 85' lang='lat' dir='ltr'><strong>oonspici</strong></span> <span class='ocrx_word' id='word_1_466' title='bbox 1068 3987 1117 4018; x_wconf 91' lang='lat' dir='ltr'><strong>non</strong></span> <span class='ocrx_word' id='word_1_467' title='bbox 1133 3983 1215 4034; x_wconf 84' lang='lat' dir='ltr'><strong>potest,</strong></span> <span class='ocrx_word' id='word_1_468' title='bbox 1230 3974 1262 4022; x_wconf 79' lang='lat' dir='ltr'><strong>ia</strong></span> <span class='ocrx_word' id='word_1_469' title='bbox 1274 3986 1300 4023; x_wconf 90' lang='lat' dir='ltr'><strong>ut</strong></span> <span class='ocrx_word' id='word_1_470' title='bbox 1310 3984 1407 4024; x_wconf 79' lang='lat' dir='ltr'><strong>cometas</strong></span> <span class='ocrx_word' id='word_1_471' title='bbox 1415 3989 1456 4022; x_wconf 89' lang='lat' dir='ltr'><strong>seu</strong></span> <span class='ocrx_word' id='word_1_472' title='bbox 1468 3974 1575 4021; x_wconf 81' lang='lat' dir='ltr'><strong>satellites</strong></span> <span class='ocrx_word' id='word_1_473' title='bbox 1650 3974 1656 4006; x_wconf 61' lang='lat'><strong>⁸³</strong></span> 
     </span>
     <span class='ocr_line' id='line_1_44' title="bbox 287 4035 1586 4101; baseline 0.002 -18"><span class='ocrx_word' id='word_1_474' title='bbox 287 4037 447 4096; x_wconf 80' lang='lat' dir='ltr'><strong>phaenmaenis</strong></span> <span class='ocrx_word' id='word_1_475' title='bbox 465 4035 569 4097; x_wconf 73' lang='lat' dir='ltr'><strong>apprime</strong></span> <span class='ocrx_word' id='word_1_476' title='bbox 589 4038 720 4098; x_wconf 81' lang='lat' dir='ltr'><strong>respondet,</strong></span> <span class='ocrx_word' id='word_1_477' title='bbox 743 4047 813 4100; x_wconf 85' lang='lat' dir='ltr'><strong>atque</strong></span> <span class='ocrx_word' id='word_1_478' title='bbox 834 4037 917 4084; x_wconf 83' lang='lat' dir='ltr'><strong>incerti</strong></span> <span class='ocrx_word' id='word_1_479' title='bbox 949 4051 998 4083; x_wconf 84' lang='lat' dir='ltr'><strong>sese</strong></span> <span class='ocrx_word' id='word_1_480' title='bbox 1015 4037 1086 4083; x_wconf 79' lang='lat' dir='ltr'><strong>nobis</strong></span> <span class='ocrx_word' id='word_1_481' title='bbox 1098 4036 1213 4085; x_wconf 75' lang='lat' dir='ltr'><strong>dunmxsr</strong></span> <span class='ocrx_word' id='word_1_482' title='bbox 1225 4039 1364 4100; x_wconf 86' lang='lat' dir='ltr'><strong>oonspicoos</strong></span> <span class='ocrx_word' id='word_1_483' title='bbox 1376 4043 1501 4101; x_wconf 60' lang='lat' dir='ltr'><strong>mmm,</strong></span> <span class='ocrx_word' id='word_1_484' title='bbox 1515 4037 1586 4086; x_wconf 59' lang='lat' dir='ltr'><strong>dum.</strong></span> 
     </span>
     <span class='ocr_line' id='line_1_45' title="bbox 287 4099 1578 4164; baseline 0 -16"><span class='ocrx_word' id='word_1_485' title='bbox 287 4100 337 4149; x_wconf 85' lang='lat' dir='ltr'><strong>sine</strong></span> <span class='ocrx_word' id='word_1_486' title='bbox 346 4100 394 4158; x_wconf 75' lang='lat' dir='ltr'><strong>ulli</strong></span> <span class='ocrx_word' id='word_1_487' title='bbox 405 4100 495 4162; x_wconf 70' lang='lat' dir='ltr'><strong>theoriis</strong></span> <span class='ocrx_word' id='word_1_488' title='bbox 504 4113 626 4150; x_wconf 75' lang='lat' dir='ltr'><strong>erremus·</strong></span> <span class='ocrx_word' id='word_1_489' title='bbox 647 4099 762 4150; x_wconf 66' lang='lat' dir='ltr'><strong>mearet</strong></span> <span class='ocrx_word' id='word_1_490' title='bbox 773 4101 843 4148; x_wconf 85' lang='lat' dir='ltr'><strong>talem</strong></span> <span class='ocrx_word' id='word_1_491' title='bbox 854 4103 916 4149; x_wconf 88' lang='lat' dir='ltr'><strong>orbi·</strong></span> <span class='ocrx_word' id='word_1_492' title='bbox 948 4100 974 4147; x_wconf 90' lang='lat' dir='ltr'><strong>iu</strong></span> <span class='ocrx_word' id='word_1_493' title='bbox 985 4100 1087 4151; x_wconf 81' lang='lat' dir='ltr'><strong>inferiori</strong></span> <span class='ocrx_word' id='word_1_494' title='bbox 1099 4111 1124 4148; x_wconf 89' lang='lat' dir='ltr'><strong>et</strong></span> <span class='ocrx_word' id='word_1_495' title='bbox 1135 4103 1237 4150; x_wconf 87' lang='lat' dir='ltr'><strong>Telluris</strong></span> <span class='ocrx_word' id='word_1_496' title='bbox 1244 4105 1376 4164; x_wconf 83' lang='lat' dir='ltr'><strong>proximiori</strong></span> <span class='ocrx_word' id='word_1_497' title='bbox 1386 4105 1512 4154; x_wconf 80' lang='lat' dir='ltr'><strong>orbitarum</strong></span> <span class='ocrx_word' id='word_1_498' title='bbox 1521 4099 1578 4149; x_wconf 51' lang='lat' dir='ltr'><strong>sua?</strong></span> 
     </span>
     <span class='ocr_line' id='line_1_46' title="bbox 286 4163 1575 4228; baseline 0 -16"><span class='ocrx_word' id='word_1_499' title='bbox 286 4173 336 4212; x_wconf 85' lang='lat' dir='ltr'><strong>tam</strong></span> <span class='ocrx_word' id='word_1_500' title='bbox 346 4165 456 4226; x_wconf 74' lang='lat' dir='ltr'><strong>predicto</strong></span> <span class='ocrx_word' id='word_1_501' title='bbox 467 4175 563 4212; x_wconf 82' lang='lat' dir='ltr'><strong>cometae</strong></span> <span class='ocrx_word' id='word_1_502' title='bbox 574 4163 676 4228; x_wconf 81' lang='lat' dir='ltr'><strong>assignat</strong></span> <span class='ocrx_word' id='word_1_503' title='bbox 692 4165 802 4213; x_wconf 85' lang='lat' dir='ltr'><strong>Cassinus</strong></span> <span class='ocrx_word' id='word_1_504' title='bbox 813 4175 839 4213; x_wconf 90' lang='lat' dir='ltr'><strong>ut</strong></span> <span class='ocrx_word' id='word_1_505' title='bbox 851 4163 916 4212; x_wconf 78' lang='lat' dir='ltr'><strong>extri</strong></span> <span class='ocrx_word' id='word_1_506' title='bbox 945 4179 1001 4210; x_wconf 82' lang='lat' dir='ltr'><strong>rum</strong></span> <span class='ocrx_word' id='word_1_507' title='bbox 1012 4175 1076 4225; x_wconf 83' lang='lat' dir='ltr'><strong>parte</strong></span> <span class='ocrx_word' id='word_1_508' title='bbox 1087 4178 1213 4214; x_wconf 77' lang='lat' dir='ltr'><strong>versentur.</strong></span> <span class='ocrx_word' id='word_1_509' title='bbox 1250 4167 1320 4215; x_wconf 83' lang='lat' dir='ltr'><strong>Seds</strong></span> <span class='ocrx_word' id='word_1_510' title='bbox 1332 4166 1487 4215; x_wconf 74' lang='lat' dir='ltr'><strong>Newtoninui</strong></span> <span class='ocrx_word' id='word_1_511' title='bbox 1497 4179 1575 4212; x_wconf 84' lang='lat' dir='ltr'><strong>eome-</strong></span> 
     </span>
     <span class='ocr_line' id='line_1_47' title="bbox 286 4227 1574 4292; baseline 0 -16"><span class='ocrx_word' id='word_1_512' title='bbox 286 4227 917 4292; x_wconf 58' lang='lat' dir='ltr'><strong>orbemannuumferdnonexcurratgquodsir&#39;esitd</strong></span> <span class='ocrx_word' id='word_1_513' title='bbox 948 4237 1026 4276; x_wconf 83' lang='lat' dir='ltr'><strong>tarum</strong></span> <span class='ocrx_word' id='word_1_514' title='bbox 1047 4230 1143 4288; x_wconf 69' lang='lat' dir='ltr'><strong>theosis,</strong></span> <span class='ocrx_word' id='word_1_515' title='bbox 1164 4246 1218 4292; x_wconf 79' lang='lat' dir='ltr'><strong>quia</strong></span> <span class='ocrx_word' id='word_1_516' title='bbox 1239 4231 1398 4290; x_wconf 79' lang='lat' dir='ltr'><strong>phieuomenis</strong></span> <span class='ocrx_word' id='word_1_517' title='bbox 1419 4240 1574 4278; x_wconf 85' lang='lat' dir='ltr'><strong>consentanea</strong></span> 
     </span>
     <span class='ocr_line' id='line_1_48' title="bbox 286 4289 1577 4356; baseline 0.002 -16"><span class='ocrx_word' id='word_1_518' title='bbox 286 4309 312 4340; x_wconf 87' lang='lat' dir='ltr'><strong>se</strong></span> <span class='ocrx_word' id='word_1_519' title='bbox 322 4293 422 4351; x_wconf 84' lang='lat' dir='ltr'><strong>baberet,</strong></span> <span class='ocrx_word' id='word_1_520' title='bbox 434 4293 473 4341; x_wconf 86' lang='lat' dir='ltr'><strong>bic</strong></span> <span class='ocrx_word' id='word_1_521' title='bbox 483 4303 575 4341; x_wconf 87' lang='lat' dir='ltr'><strong>cometa</strong></span> <span class='ocrx_word' id='word_1_522' title='bbox 584 4294 610 4340; x_wconf 89' lang='lat' dir='ltr'><strong>in</strong></span> <span class='ocrx_word' id='word_1_523' title='bbox 621 4303 771 4354; x_wconf 74' lang='lat' dir='ltr'><strong>conspectum</strong></span> <span class='ocrx_word' id='word_1_524' title='bbox 782 4289 828 4340; x_wconf 76' lang='lat' dir='ltr'><strong>citt</strong></span> <span class='ocrx_word' id='word_1_525' title='bbox 836 4293 917 4340; x_wconf 84' lang='lat' dir='ltr'><strong>rediis&#39;-</strong></span> <span class='ocrx_word' id='word_1_526' title='bbox 948 4301 990 4350; x_wconf 78' lang='lat' dir='ltr'><strong>est,</strong></span> <span class='ocrx_word' id='word_1_527' title='bbox 1002 4309 1149 4356; x_wconf 82' lang='lat' dir='ltr'><strong>nequaquam</strong></span> <span class='ocrx_word' id='word_1_528' title='bbox 1160 4309 1203 4339; x_wconf 87' lang='lat' dir='ltr'><strong>nos</strong></span> <span class='ocrx_word' id='word_1_529' title='bbox 1213 4309 1331 4340; x_wconf 81' lang='lat' dir='ltr'><strong>removere</strong></span> <span class='ocrx_word' id='word_1_530' title='bbox 1340 4295 1425 4342; x_wconf 76' lang='lat' dir='ltr'><strong>deiram</strong></span> <span class='ocrx_word' id='word_1_531' title='bbox 1437 4293 1577 4356; x_wconf 82' lang='lat' dir='ltr'><strong>hypotheses</strong></span> 
     </span>
     <span class='ocr_line' id='line_1_49' title="bbox 286 4355 1576 4421; baseline 0.001 -18"><span class='ocrx_word' id='word_1_532' title='bbox 286 4365 329 4412; x_wconf 82' lang='lat' dir='ltr'><strong>set,</strong></span> <span class='ocrx_word' id='word_1_533' title='bbox 345 4367 446 4404; x_wconf 87' lang='lat' dir='ltr'><strong>cometas</strong></span> <span class='ocrx_word' id='word_1_534' title='bbox 460 4357 523 4404; x_wconf 86' lang='lat' dir='ltr'><strong>enim</strong></span> <span class='ocrx_word' id='word_1_535' title='bbox 537 4357 569 4404; x_wconf 88' lang='lat' dir='ltr'><strong>ad</strong></span> <span class='ocrx_word' id='word_1_536' title='bbox 583 4355 709 4404; x_wconf 80' lang='lat' dir='ltr'><strong>maxiinmu</strong></span> <span class='ocrx_word' id='word_1_537' title='bbox 719 4358 813 4420; x_wconf 73' lang='lat' dir='ltr'><strong>quoque</strong></span> <span class='ocrx_word' id='word_1_538' title='bbox 828 4357 917 4405; x_wconf 83' lang='lat' dir='ltr'><strong>distau-</strong></span> <span class='ocrx_word' id='word_1_539' title='bbox 948 4357 996 4404; x_wconf 71' lang='lat' dir='ltr'><strong>itte</strong></span> <span class='ocrx_word' id='word_1_540' title='bbox 1006 4375 1059 4421; x_wconf 77' lang='lat' dir='ltr'><strong>quse</strong></span> <span class='ocrx_word' id='word_1_541' title='bbox 1070 4373 1121 4405; x_wconf 87' lang='lat' dir='ltr'><strong>eam</strong></span> <span class='ocrx_word' id='word_1_542' title='bbox 1131 4357 1247 4405; x_wconf 70' lang='lat' dir='ltr'><strong>danunt</strong></span> <span class='ocrx_word' id='word_1_543' title='bbox 1260 4362 1291 4406; x_wconf 90' lang='lat' dir='ltr'><strong>oh</strong></span> <span class='ocrx_word' id='word_1_544' title='bbox 1305 4374 1400 4406; x_wconf 71' lang='lat' dir='ltr'><strong>musam</strong></span> <span class='ocrx_word' id='word_1_545' title='bbox 1410 4359 1525 4406; x_wconf 83' lang='lat' dir='ltr'><strong>subtiliter</strong></span> <span class='ocrx_word' id='word_1_546' title='bbox 1537 4358 1576 4404; x_wconf 88' lang='lat' dir='ltr'><strong>iu·</strong></span> 
     </span>
     <span class='ocr_line' id='line_1_50' title="bbox 285 4420 1574 4484; baseline 0.002 -18"><span class='ocrx_word' id='word_1_547' title='bbox 285 4421 343 4466; x_wconf 82' lang='lat' dir='ltr'><strong>tiam</strong></span> <span class='ocrx_word' id='word_1_548' title='bbox 362 4421 499 4479; x_wconf 84' lang='lat' dir='ltr'><strong>conspicuos</strong></span> <span class='ocrx_word' id='word_1_549' title='bbox 516 4437 566 4468; x_wconf 88' lang='lat' dir='ltr'><strong>esse</strong></span> <span class='ocrx_word' id='word_1_550' title='bbox 581 4430 671 4468; x_wconf 81' lang='lat' dir='ltr'><strong>constat</strong></span> <span class='ocrx_word' id='word_1_551' title='bbox 686 4433 716 4468; x_wconf 84' lang='lat' dir='ltr'><strong>ax</strong></span> <span class='ocrx_word' id='word_1_552' title='bbox 732 4420 826 4468; x_wconf 81' lang='lat' dir='ltr'><strong>defectu</strong></span> <span class='ocrx_word' id='word_1_553' title='bbox 840 4422 918 4481; x_wconf 80' lang='lat' dir='ltr'><strong>parai-</strong></span> <span class='ocrx_word' id='word_1_554' title='bbox 948 4433 1024 4470; x_wconf 68' lang='lat' dir='ltr'><strong>sartae</strong></span> <span class='ocrx_word' id='word_1_555' title='bbox 1040 4435 1095 4469; x_wconf 76' lang='lat' dir='ltr'><strong>sima</strong></span> <span class='ocrx_word' id='word_1_556' title='bbox 1113 4432 1287 4470; x_wconf 80' lang='lat' dir='ltr'><strong>asservaretur</strong></span> <span class='ocrx_word' id='word_1_557' title='bbox 1305 4424 1419 4470; x_wconf 78' lang='lat' dir='ltr'><strong>vorticum</strong></span> <span class='ocrx_word' id='word_1_558' title='bbox 1435 4422 1574 4484; x_wconf 84' lang='lat' dir='ltr'><strong>hypothesis,</strong></span> 
     </span>
     <span class='ocr_line' id='line_1_51' title="bbox 284 4483 1576 4547; baseline 0.002 -17"><span class='ocrx_word' id='word_1_559' title='bbox 284 4483 372 4531; x_wconf 79' lang='lat' dir='ltr'><strong>lexeos·</strong></span> <span class='ocrx_word' id='word_1_560' title='bbox 407 4483 458 4531; x_wconf 88' lang='lat' dir='ltr'><strong>Nec</strong></span> <span class='ocrx_word' id='word_1_561' title='bbox 468 4485 567 4532; x_wconf 75' lang='lat' dir='ltr'><strong>feliciori</strong></span> <span class='ocrx_word' id='word_1_562' title='bbox 577 4501 686 4532; x_wconf 81' lang='lat' dir='ltr'><strong>successm</strong></span> <span class='ocrx_word' id='word_1_563' title='bbox 697 4483 727 4532; x_wconf 86' lang='lat' dir='ltr'><strong>sd</strong></span> <span class='ocrx_word' id='word_1_564' title='bbox 738 4495 830 4532; x_wconf 86' lang='lat' dir='ltr'><strong>motum</strong></span> <span class='ocrx_word' id='word_1_565' title='bbox 841 4485 918 4533; x_wconf 77' lang='lat' dir='ltr'><strong>dirae·</strong></span> <span class='ocrx_word' id='word_1_566' title='bbox 947 4500 1019 4547; x_wconf 85' lang='lat' dir='ltr'><strong>quam</strong></span> <span class='ocrx_word' id='word_1_567' title='bbox 1037 4485 1090 4532; x_wconf 80' lang='lat' dir='ltr'><strong>aliis</strong></span> <span class='ocrx_word' id='word_1_568' title='bbox 1106 4485 1188 4532; x_wconf 87' lang='lat' dir='ltr'><strong>multis</strong></span> <span class='ocrx_word' id='word_1_569' title='bbox 1205 4487 1382 4534; x_wconf 81' lang='lat' dir='ltr'><strong>difficultatibus</strong></span> <span class='ocrx_word' id='word_1_570' title='bbox 1398 4488 1472 4547; x_wconf 85' lang='lat' dir='ltr'><strong>premi</strong></span> <span class='ocrx_word' id='word_1_571' title='bbox 1490 4487 1576 4546; x_wconf 85' lang='lat' dir='ltr'><strong>passim</strong></span> 
     </span>
     <span class='ocr_line' id='line_1_52' title="bbox 283 4547 1576 4613; baseline 0.002 -19"><span class='ocrx_word' id='word_1_572' title='bbox 283 4557 337 4594; x_wconf 89' lang='lat' dir='ltr'><strong>tum</strong></span> <span class='ocrx_word' id='word_1_573' title='bbox 357 4547 439 4594; x_wconf 85' lang='lat' dir='ltr'><strong>reduci</strong></span> <span class='ocrx_word' id='word_1_574' title='bbox 460 4565 526 4608; x_wconf 85' lang='lat' dir='ltr'><strong>posse</strong></span> <span class='ocrx_word' id='word_1_575' title='bbox 552 4549 645 4596; x_wconf 85' lang='lat' dir='ltr'><strong>videtur</strong></span> <span class='ocrx_word' id='word_1_576' title='bbox 664 4560 742 4596; x_wconf 88' lang='lat' dir='ltr'><strong>motus</strong></span> <span class='ocrx_word' id='word_1_577' title='bbox 768 4549 917 4612; x_wconf 74' lang='lat' dir='ltr'><strong>retrogradus</strong></span> <span class='ocrx_word' id='word_1_578' title='bbox 947 4549 1099 4597; x_wconf 83' lang='lat' dir='ltr'><strong>ostendimus.</strong></span> <span class='ocrx_word' id='word_1_579' title='bbox 1135 4551 1252 4598; x_wconf 77' lang='lat' dir='ltr'><strong>Ceterum</strong></span> <span class='ocrx_word' id='word_1_580' title='bbox 1261 4550 1374 4613; x_wconf 86' lang='lat' dir='ltr'><strong>quidquid</strong></span> <span class='ocrx_word' id='word_1_581' title='bbox 1385 4551 1414 4597; x_wconf 88' lang='lat' dir='ltr'><strong>de</strong></span> <span class='ocrx_word' id='word_1_582' title='bbox 1424 4548 1468 4597; x_wconf 78' lang='lat' dir='ltr'><strong>brie</strong></span> <span class='ocrx_word' id='word_1_583' title='bbox 1479 4549 1576 4597; x_wconf 73' lang='lat' dir='ltr'><strong>maria</strong></span> 
     </span>
     <span class='ocr_line' id='line_1_53' title="bbox 284 4607 1574 4676; baseline 0.001 -18"><span class='ocrx_word' id='word_1_584' title='bbox 284 4621 382 4660; x_wconf 82' lang='lat' dir='ltr'><strong>cometae</strong></span> <span class='ocrx_word' id='word_1_585' title='bbox 392 4627 429 4658; x_wconf 89' lang='lat' dir='ltr'><strong>an.</strong></span> <span class='ocrx_word' id='word_1_586' title='bbox 447 4617 515 4660; x_wconf 87' lang='grc'>1660.</span> <span class='ocrx_word' id='word_1_587' title='bbox 541 4613 605 4660; x_wconf 88' lang='lat' dir='ltr'><strong>Nam</strong></span> <span class='ocrx_word' id='word_1_588' title='bbox 616 4607 699 4674; x_wconf 76' lang='lat' dir='ltr'><strong>praeter</strong></span> <span class='ocrx_word' id='word_1_589' title='bbox 708 4611 779 4676; x_wconf 76' lang='lat' dir='ltr'><strong>quim</strong></span> <span class='ocrx_word' id='word_1_590' title='bbox 790 4613 854 4674; x_wconf 88' lang='lat' dir='ltr'><strong>quod</strong></span> <span class='ocrx_word' id='word_1_591' title='bbox 864 4629 916 4661; x_wconf 85' lang='lat' dir='ltr'><strong>orn-</strong></span> <span class='ocrx_word' id='word_1_592' title='bbox 947 4611 1056 4667; x_wconf 67' lang='lat' dir='ltr'><strong>danius</strong></span> <span class='ocrx_word' id='word_1_593' title='bbox 1069 4614 1159 4674; x_wconf 85' lang='lat' dir='ltr'><strong>etipsa,</strong></span> <span class='ocrx_word' id='word_1_594' title='bbox 1169 4627 1240 4674; x_wconf 85' lang='lat' dir='ltr'><strong>prout</strong></span> <span class='ocrx_word' id='word_1_595' title='bbox 1250 4617 1318 4662; x_wconf 89' lang='lat' dir='ltr'><strong>nobis</strong></span> <span class='ocrx_word' id='word_1_596' title='bbox 1328 4617 1405 4662; x_wconf 79' lang='lat' dir='ltr'><strong>visum</strong></span> <span class='ocrx_word' id='word_1_597' title='bbox 1414 4624 1456 4672; x_wconf 86' lang='lat' dir='ltr'><strong>est,</strong></span> <span class='ocrx_word' id='word_1_598' title='bbox 1472 4614 1504 4672; x_wconf 69' lang='lat' dir='ltr'><strong>rei</strong></span> <span class='ocrx_word' id='word_1_599' title='bbox 1515 4615 1574 4660; x_wconf 84' lang='lat' dir='ltr'><strong>seri-</strong></span> 
     </span>
     <span class='ocr_line' id='line_1_54' title="bbox 212 4676 1574 4742; baseline 0.003 -20"><span class='ocrx_word' id='word_1_600' title='bbox 212 4709 222 4722; x_wconf 87' lang='lat'><em>.</em></span> <span class='ocrx_word' id='word_1_601' title='bbox 284 4691 340 4722; x_wconf 88' lang='lat' dir='ltr'><strong>aem</strong></span> <span class='ocrx_word' id='word_1_602' title='bbox 351 4686 495 4724; x_wconf 83' lang='lat' dir='ltr'><strong>cometarum</strong></span> <span class='ocrx_word' id='word_1_603' title='bbox 505 4676 616 4723; x_wconf 87' lang='lat' dir='ltr'><strong>theoriam</strong></span> <span class='ocrx_word' id='word_1_604' title='bbox 628 4677 687 4724; x_wconf 83' lang='lat' dir='ltr'><strong>lictis</strong></span> <span class='ocrx_word' id='word_1_605' title='bbox 698 4677 728 4724; x_wconf 89' lang='lat' dir='ltr'><strong>ad</strong></span> <span class='ocrx_word' id='word_1_606' title='bbox 739 4677 861 4724; x_wconf 88' lang='lat' dir='ltr'><strong>arbitrium</strong></span> <span class='ocrx_word' id='word_1_607' title='bbox 870 4677 914 4739; x_wconf 76' lang='lat' dir='ltr'><strong>hy.</strong></span> <span class='ocrx_word' id='word_1_608' title='bbox 947 4684 983 4723; x_wconf 79' lang='lat' dir='ltr'><strong>tas</strong></span> <span class='ocrx_word' id='word_1_609' title='bbox 992 4687 1017 4724; x_wconf 91' lang='lat' dir='ltr'><strong>et</strong></span> <span class='ocrx_word' id='word_1_610' title='bbox 1027 4687 1237 4727; x_wconf 69' lang='lat' dir='ltr'><strong>commutaturum</strong></span> <span class='ocrx_word' id='word_1_611' title='bbox 1252 4679 1383 4728; x_wconf 82' lang='lat' dir='ltr'><strong>officium-s</strong></span> <span class='ocrx_word' id='word_1_612' title='bbox 1395 4680 1462 4728; x_wconf 79' lang='lat' dir='ltr'><strong>nobb</strong></span> <span class='ocrx_word' id='word_1_613' title='bbox 1471 4677 1574 4742; x_wconf 74' lang='lat' dir='ltr'><strong>pastule-</strong></span> 
     </span>
     <span class='ocr_line' id='line_1_55' title="bbox 283 4739 1083 4803; baseline 0.003 -17"><span class='ocrx_word' id='word_1_614' title='bbox 283 4741 417 4799; x_wconf 83' lang='lat' dir='ltr'><strong>pothesihus</strong></span> <span class='ocrx_word' id='word_1_615' title='bbox 428 4741 498 4788; x_wconf 80' lang='lat' dir='ltr'><strong>everti</strong></span> <span class='ocrx_word' id='word_1_616' title='bbox 509 4754 602 4786; x_wconf 86' lang='lat' dir='ltr'><strong>necesse</strong></span> <span class='ocrx_word' id='word_1_617' title='bbox 612 4739 648 4794; x_wconf 83' lang='lat' dir='ltr'><strong>sit,</strong></span> <span class='ocrx_word' id='word_1_618' title='bbox 660 4741 686 4788; x_wconf 92' lang='lat' dir='ltr'><strong>in</strong></span> <span class='ocrx_word' id='word_1_619' title='bbox 696 4741 849 4802; x_wconf 82' lang='lat' dir='ltr'><strong>explieatione</strong></span> <span class='ocrx_word' id='word_1_620' title='bbox 859 4741 915 4790; x_wconf 75' lang='lat' dir='ltr'><strong>cas·</strong></span> <span class='ocrx_word' id='word_1_621' title='bbox 946 4741 1010 4788; x_wconf 76' lang='lat' dir='ltr'><strong>bant.</strong></span> <span class='ocrx_word' id='word_1_622' title='bbox 1066 4770 1083 4803; x_wconf 61' lang='lat'><em>5</em></span> 
     </span>
     <span class='ocr_line' id='line_1_56' title="bbox 260 4803 916 4867; baseline -0.002 -13"><span class='ocrx_word' id='word_1_623' title='bbox 260 4851 262 4854; x_wconf 84' lang='lat'>.</span> <span class='ocrx_word' id='word_1_624' title='bbox 283 4805 330 4850; x_wconf 88' lang='lat' dir='ltr'><strong>sini</strong></span> <span class='ocrx_word' id='word_1_625' title='bbox 351 4805 486 4867; x_wconf 83' lang='lat' dir='ltr'><strong>gravissima</strong></span> <span class='ocrx_word' id='word_1_626' title='bbox 513 4804 613 4852; x_wconf 86' lang='lat' dir='ltr'><strong>oecurrit</strong></span> <span class='ocrx_word' id='word_1_627' title='bbox 633 4803 767 4860; x_wconf 71' lang='lat' dir='ltr'><strong>difficultas,</strong></span> <span class='ocrx_word' id='word_1_628' title='bbox 779 4806 846 4866; x_wconf 83' lang='lat' dir='ltr'><strong>cujus</strong></span> <span class='ocrx_word' id='word_1_629' title='bbox 868 4805 916 4853; x_wconf 80' lang='lat' dir='ltr'><strong>rim</strong></span> 
     </span>
    </p>
   </div>
   <div class='ocr_carea' id='block_1_4' title="bbox 0 0 1700 5675">
    <p class='ocr_par' dir='ltr' id='par_1_6' title="bbox 0 0 1700 5675">
     <span class='ocr_line' id='line_1_57' title="bbox 0 0 1700 5675; baseline 0 10"><span class='ocrx_word' id='word_1_630' title='bbox 0 0 1700 5675; x_wconf 95' lang='lat' dir='ltr'><strong> </strong></span> 
     </span>
    </p>
   </div>
  </div>
 </body>
</html>
