3392 5675
157 424 269 491 Lissa
284 422 463 503 Tanarus]
488 422 750 489 'PRINCIPIA
773 424 1142 492 MATHEMATICA.
1397 440 1439 497 66

158 591 376 649 abillotiiseedens,
396 592 527 655 itautejus
544 593 782 655 motussssusnipos·
813 593 937 641 incirculo
949 594 1350 658 ADBCmoreripsrsererasset,
1362 600 1439 648 nulia-

157 656 517 717 sitquasiheretineocirculo.
812 673 860 719 que
877 659 913 703 ria
928 668 1037 705 extranea
1057 660 1186 708 sotenisset
1206 661 1297 710 iuvene
1318 674 1346 710 ut
1363 664 1438 723 radii;

193 722 256 767 Nam
268 721 369 783 tingatur
386 736 437 767 esm
456 721 504 767 vim
522 730 654 768 extraneam
670 734 716 767 non
733 722 783 767 eise
812 722 903 783 sagittas
913 733 992 768 autem
1008 738 1089 768 eorum
1100 738 1197 770 arcutnn
1207 727 1272 787 (qia
1284 737 1339 773 sunt
1349 743 1440 786 semper

158 793 309 839 constantem,
321 784 361 830 sed
372 784 442 831 talem
454 794 487 841 ut,
505 793 556 844 post
566 785 691 831 discessum
702 800 783 843 corpo-
813 796 839 831 ut
860 785 972 847 quadrata
988 801 1085 831 arcuum
1105 786 1177 832 divisa
1196 804 1236 846 per
1254 791 1340 851 radios)
1363 792 1440 838 forent

157 846 190 893 ris
203 848 249 893 Pa
259 847 345 893 circulo
358 848 381 893 A
396 848 420 893 D
434 848 455 895 B
470 848 592 907 Cpropter
602 849 652 910 ejus
663 849 696 895 vis
706 859 780 894 extra·
813 848 902 895 inverse
914 862 940 894 ιιι
950 850 1003 895 cubi
1021 850 1146 906 radiorum,
1164 853 1204 897 sed
1216 853 1250 897 vis
1259 856 1366 901 centralis
1378 856 1439 903 ultra

158 924 210 957 nere
220 910 341 964 actionem,
353 910 472 956 residuum
481 912 515 957 ria
523 926 593 973 quam
602 923 691 958 exercet
700 926 783 971 corpus
813 912 927 959 circulum
944 912 984 958 ad
995 914 1010 958 b
1021 928 1041 964 c,
1059 915 1137 960 minus
1148 914 1257 968 decrescit
1267 916 1338 978 quim
1356 934 1438 964 secun.

160 972 459 1035 Tindistantidadquam
470 977 518 1021 abit
528 990 611 1033 corpus
631 975 652 1021 P
671 974 783 1038 (detracti
813 976 872 1021 dom
893 978 980 1022 arsum
1000 975 1168 1028 disontimusn.
1191 994 1248 1039 erpo
1269 982 1352 1041 s=gitta
1371 982 1438 1030 aretis

157 1034 188 1083 ch
206 1037 229 1082 vi
247 1038 367 1097 extraneis)
387 1038 416 1084 sit
433 1051 523 1098 semper
533 1037 622 1085 inrersd
633 1040 724 1085 utrubi
736 1038 783 1085 dis-
811 1038 919 1098 descripti
943 1055 980 1084 ura
990 1049 1024 1085 est
1032 1040 1084 1101 ejus
1093 1040 1127 1085 vit
1137 1043 1353 1100 ommiueffeerur,
1365 1050 1438 1110 rnaJor

156 1100 290 1158 tantiarum,
308 1101 399 1148 eveniet
416 1110 444 1149 ut
461 1103 514 1164 (per
526 1101 595 1161 Prop.
610 1102 660 1148 lx.
681 1102 734 1149 Lib.
758 1102 780 1151 1.
811 1112 846 1149 est
862 1105 910 1165 sapi
955 1118 1009 1164 qote
1024 1103 1084 1149 toret
1093 1102 1223 1150 secundum
1239 1106 1352 1153 rationem
1362 1108 1436 1155 iuver.

159 1156 274 1225 Princip)
292 1178 376 1225 corpus
393 1164 413 1211 P
430 1164 536 1225 spiralem
548 1164 731 1227 iogaiithmicam
742 1165 783 1213 ds·
811 1181 862 1213 sam
877 1168 931 1213 cubi
942 1165 1108 1221 distantiarum,
1126 1181 1182 1230 ergo
1192 1184 1220 1215 ea
1230 1170 1313 1233 sagitta
1328 1186 1381 1233 quae
1397 1188 1437 1232 per

155 1227 247 1284 scribat,
259 1228 284 1273 in
295 1226 344 1291 qui
353 1227 454 1289 angulus
462 1243 538 1274 curva
549 1242 603 1275 curu
614 1230 679 1275 radio
689 1228 719 1275 ad
729 1244 783 1277 cur-
811 1230 859 1276 viru
875 1230 1000 1277 centralem
1018 1228 1161 1291 producitur,
1179 1232 1255 1293 maJ'or
1273 1243 1308 1280 est
1325 1233 1367 1281 illd
1385 1251 1437 1298 qua

155 1305 211 1339 vam
220 1290 292 1338 ducto
302 1306 393 1350 semper
402 1302 481 1338 manet
491 1291 553 1338 idem
560 1309 568 1348 i
579 1290 659 1339 verbm
671 1293 782 1355 quoniam
811 1293 954 1340 obtineretur
969 1294 989 1339 si
1004 1293 1105 1340 circulus
1114 1294 1140 1340 in
1151 1310 1180 1341 eo
1190 1295 1242 1341 ioco
1258 1296 1436 1358 desoeiberetuu

154 1356 185 1403 sb
201 1353 268 1401 initio
286 1355 320 1401 vis
338 1354 380 1401 ilia
397 1365 505 1402 extranea
515 1353 561 1402 fuit
576 1365 691 1412 consum,
711 1356 784 1419 liquet
810 1372 868 1420 ergo
878 1372 962 1417 corpus
980 1356 1031 1405 Pa
1046 1366 1156 1419 tangente
1166 1359 1241 1421 magis
1251 1359 1347 1408 discedit
1359 1376 1438 1410 versus

153 1417 218 1481 quod
229 1418 363 1479 priusquam
374 1433 458 1478 corpus
470 1417 492 1465 P
502 1418 615 1465 circulum
628 1435 643 1465 a
653 1417 669 1465 d
679 1422 695 1467 b
706 1434 719 1466 c
729 1421 782 1467 atti·
810 1432 917 1469 centrum
927 1419 998 1484 quim
1008 1421 1028 1466 si
1038 1422 1152 1468 cirmdum
1163 1420 1307 1481 dautem,
1322 1441 1377 1487 ergo
1388 1428 1438 1489 ejus

153 1482 222 1545 gerit,
231 1497 259 1527 ea
266 1481 300 1527 ris
306 1481 358 1541 plus
366 1482 518 1528 imminuebat
524 1481 571 1527 rim
579 1482 703 1531 centrsiem
710 1483 782 1547 quim
811 1484 848 1531 ria
866 1495 962 1532 muttum
972 1484 1088 1546 anguium
1098 1500 1154 1531 cum
1164 1486 1230 1534 radio
1247 1488 1338 1535 efficere
1347 1490 1436 1549 incipit,
1491 1515 1495 1523 ·

154 1554 183 1593 ut
194 1543 310 1591 decrescat
325 1544 456 1591 secundhm
467 1546 538 1591 cubos
547 1545 710 1593 distantiarum
726 1563 781 1594 suc·
810 1547 889 1609 sicque
899 1548 1079 1596 accedititerum
1090 1549 1121 1596 sd
1128 1550 1243 1597 circulum
1253 1552 1335 1599 adhc
1345 1554 1438 1616 angulis

153 1616 241 1663 tarum,
254 1605 352 1669 idedque
360 1608 423 1669 quod
431 1607 512 1670 anguli
524 1622 600 1655 curta
611 1624 666 1655 curn
676 1610 741 1657 radio
751 1610 782 1659 ad
810 1626 888 1659 curra
898 1627 953 1659 cum
969 1612 1035 1659 radio
1044 1623 1157 1673 perpetuo
1167 1612 1365 1674 decresceoubus3
1381 1616 1437 1665 edm

153 1686 251 1719 curvam
268 1670 339 1719 ducto
357 1684 447 1731 semper
466 1686 567 1718 crescere
585 1671 722 1728 debuerunt,
741 1675 781 1722 sed
810 1684 889 1721 autem
908 1676 970 1723 inira
988 1692 1043 1723 eom
1061 1676 1175 1723 circulum
1192 1678 1320 1726 transiverit
1335 1682 1438 1743 ungulus
1515 1710 1526 1727 .

153 1734 300 1781 memento
310 1736 422 1793 perpetuo
439 1733 529 1781 minore
539 1749 587 1798 quo
603 1736 678 1799 magis
693 1738 783 1785 accedit
810 1754 882 1801 quem
897 1739 954 1787 iacit
971 1755 1044 1786 curva
1060 1754 1116 1787 cum
1132 1737 1205 1792 radio.
1227 1740 1311 1789 iterum
1330 1759 1344 1790 a
1428 1777 1437 1802 ,

153 1796 240 1847 virium
248 1797 430 1845 decrescentium
436 1798 496 1846 ratio
506 1798 537 1845 ad
547 1798 659 1846 rationem
667 1800 782 1849 inversam
796 1802 799 1807 '
811 1802 885 1849 donec
904 1802 924 1849 is
942 1803 1043 1865 angulus
1060 1814 1136 1850 rectus
1147 1804 1234 1861 evadat,
1252 1805 1308 1852 inde
1328 1823 1382 1855 vero
1398 1809 1438 1857 hot

811 1868 908 1912 obtusus
915 1866 970 1927 qula
980 1868 1014 1912 vis
1023 1867 1132 1913 centralis
1141 1867 1190 1913 iilic
1198 1868 1274 1915 minor
1284 1880 1318 1917 ast
1328 1870 1399 1933 quim
1410 1881 1439 1920 ut

811 1944 895 1990 corpus
913 1931 934 1977 P
950 1931 974 1977 io
990 1930 1078 1978 circulo
1093 1932 1180 1978 nsoved
1195 1941 1290 1995 pergam
1307 1935 1366 1982 redit
1381 1950 1438 1998 ergo

811 2006 895 2052 corpus
908 1992 929 2040 P
939 2008 1018 2041 versus
1026 1992 1140 2040 circulum
1148 2010 1163 2041 ι
1172 1994 1188 2041 d
1200 1999 1215 2041 b
1225 2011 1238 2043 c
1249 1994 1319 2058 idque
1326 1997 1439 2057 perpetue

810 2056 960 2114 oscillatione,
977 2068 1005 2105 ut
1018 2057 1091 2119 liquet
1101 2073 1130 2103 es
1141 2059 1264 2105 collatione
1279 2060 1357 2108 motis
1366 2077 1438 2123 quem

810 2120 906 2166 haberet
921 2119 947 2167 in
966 2118 1127 2183 legarithmicd
1136 2122 1213 2182 spirali
1232 2138 1288 2169 cum
1298 2125 1342 2170 hoc
1352 2136 1419 2173 motu
1428 2146 1434 2175 ι

810 2182 852 2229 sed
861 2183 910 2245 qud
919 2184 996 2231 minor
1012 2193 1047 2231 est
1065 2184 1100 2230 ris
1110 2184 1151 2230 ilia
1161 2186 1215 2232 data
1224 2201 1277 2247 qua
1295 2202 1324 2233 ex
1341 2189 1437 2237 cechah

810 2246 946 2304 detrahitur,
962 2246 991 2295 ed
1002 2246 1049 2293 iiis·
1059 2246 1155 2294 alterne
1165 2249 1321 2297 modiationes
1329 2252 1409 2299 minus
1422 2270 1439 2300 a

694 2326 708 2375 ·,⁸
810 2310 897 2357 circuio
913 2310 1004 2359 adbo
1020 2310 1135 2369 recedent,
1153 2327 1224 2374 quare
1235 2313 1254 2357 si
1265 2313 1300 2359 vis
1315 2329 1342 2361 ea
1352 2316 1438 2379 erigus

595 2370 612 2431 ἰ
704 2379 715 2429 '·‚
808 2383 954 2434 supponatur
974 2385 1080 2435 respectu
1100 2375 1135 2421 vis
1155 2375 1262 2422 centralis
1282 2378 1384 2437 corporis
1406 2380 1437 2438 T,

810 2438 1178 2557 Zilffiil‘iimimffim
1193 2439 1295 2502 Μ’
1312 2442 1335 2489 r
1350 2442 1377 2489 ¹⁰
1391 2442 1438 2491 a.

605 2558 618 2624 ,ἰ
843 2570 897 2613 Cor.
909 2571 934 2613 i.
967 2565 992 2613 Si
1008 2566 1212 2613 visiilaextranea
1227 2576 1252 2615 et
1266 2578 1375 2617 constans
1385 2586 1437 2633 pu.

591 2626 606 2679 .·'
809 2637 882 2689 petuo
892 2630 992 2676 trahent
1002 2644 1085 2689 eorpus
1097 2628 1119 2677 P
1129 2646 1209 2677 verm
1226 2631 1256 2687 Τ,
1273 2631 1355 2679 iisdem
1366 2650 1437 2697 argu.

808 2693 896 2739 mentis
911 2692 1045 2739 ostendetur
1061 2693 1125 2754 quod
1141 2694 1162 2739 si
1178 2692 1320 2741 describatur
1335 2696 1437 2745 circulus

810 2756 906 2802 interior
916 2778 931 2803 ι
942 2755 953 2803 i
963 2762 979 2812 β
991 2777 1014 2811 κ,
1030 2754 1055 2800 ἰιι
1071 2756 1112 2803 tali
1122 2754 1232 2803 dicundi
1243 2773 1257 2803 s
1267 2769 1346 2806 centro
1363 2761 1392 2815 Τ,
1410 2771 1438 2808 ιιι

809 2820 844 2866 ris
854 2821 955 2880 corporis
973 2820 995 2868 Τ
1010 2818 1040 2867 td
1050 2835 1103 2868 eam
1113 2820 1244 2869 ὤιιιιιιιίιιιι
1259 2833 1327 2870 aucta
1337 2841 1378 2884 per
1389 2825 1436 2874 vim
1466 2827 1473 2841 '

809 2883 1327 2934 iiiamertraneamsitadrimincirculoA
1342 2889 1435 2938 DBC

809 2949 900 2994 inverse
911 2960 938 2996 ut
948 2949 1002 2997 cubi
1012 2947 1131 2996 radiorum
1142 2949 1283 2996 circulorum
1295 2952 1319 3000 A
1332 2953 1358 3002 D
1371 2954 1392 3000 B
1407 2954 1435 3013 C,

809 3033 825 3060 s
836 3010 848 3059 i
858 3017 874 3067 β
885 3034 909 3069 ι,
925 3029 1010 3072 corpus
1023 3013 1043 3059 P
1053 3012 1108 3059 hinc
1118 3011 1174 3060 inde
1184 3013 1217 3060 cis
1227 3014 1312 3064 citrave
1322 3018 1436 3066 circulum

809 3095 826 3122 rt
836 3075 848 3124 i
858 3082 874 3131 β
885 3098 900 3124 ιι
910 3077 1035 3132 oscillatur,
1047 3086 1071 3123 et
1080 3078 1101 3123 si
1111 3091 1139 3123 ea
1149 3076 1183 3124 ris
1191 3089 1298 3126 ahenea
1307 3081 1336 3127 sit
1343 3083 1435 3142 exigua,

808 3140 897 3186 censeri
906 3151 982 3202 potest
996 3141 1060 3203 quod
1070 3156 1154 3202 corpus
1172 3141 1193 3188 P
1208 3143 1233 3188 in
1244 3157 1273 3188 eo
1283 3144 1334 3204 ipso
1349 3143 1436 3192 drocis

148 3205 205 3254 aubi
219 3205 380 3255 distantiarum
385 3224 394 3265 i
410 3207 529 3268 pervemat
538 3221 595 3270 ergo
610 3222 694 3268 corpus
711 3207 733 3255 P
748 3207 779 3256 ad
808 3224 824 3250 a
834 3202 846 3251 l
855 3210 873 3261 β
883 3225 898 3251 a
908 3206 1045 3252 movebiuu.

148 3269 265 3318 circulum
284 3271 382 3324 sdbc.
400 3280 424 3316 et
441 3269 694 3331 uuguturcarvecum
705 3271 778 3329 radic,
842 3271 892 3315 Cor.
907 3274 929 3315 2.
965 3269 1033 3316 Etsi
1050 3267 1255 3315 visiilaextranea
1264 3279 1372 3317 constans
1386 3286 1436 3319 non

70 3353 72 3358 ’
148 3333 776 3397 quandoPeritincircuioadbc‚eritrectomsjor,
807 3329 1436 3396 fomsedcmceretsecundhmahqomdignintem

148 3397 205 3458 quia
213 3413 304 3458 semper
311 3398 383 3444 crevit
393 3398 413 3443 is
423 3397 525 3460 angulus
536 3413 550 3444 a
560 3408 663 3457 tempore
669 3413 716 3460 quo
727 3413 777 3446 cor·
808 3394 928 3455 positivam
939 3395 1108 3450 distunfitmmr
1119 3395 1202 3441 iisd*
1208 3396 1305 3444 omniu&
1311 3399 1436 3446 ratiociniis

147 3474 194 3520 pus
211 3461 364 3509 P’circoium
383 3463 406 3508 A
421 3462 446 3508 D
461 3461 516 3508 Bc
532 3461 674 3508 describebat
689 3462 717 3508 in·
729 3477 777 3524 quo
809 3459 900 3506 ostendi
911 3469 986 3518 posset
996 3459 1059 3522 quod
1070 3458 1189 3520 corpusP
1204 3459 1230 3504 in
1241 3460 1328 3508 circulo
1343 3478 1358 3508 a
1368 3461 1384 3508 d
1395 3464 1435 3511 bc

147 3524 252 3586 angulus
262 3524 320 3571 radii
329 3539 383 3572 curn
394 3523 465 3572 curri
473 3534 550 3572 rectus
560 3534 607 3581 αις
618 3525 672 3572 ideo
684 3526 706 3572 P
716 3525 778 3574 nitra
808 3521 844 3568 vei
862 3543 878 3568 ι
901 3518 913 3570 i
922 3529 940 3580 β
959 3544 974 3570 a
992 3524 1128 3576 movebitur,
1148 3523 1238 3569 eveniet
1248 3524 1397 3574 solummodo
1408 3537 1436 3574 ut

148 3587 263 3635 circulum
282 3604 297 3635 a
315 3588 331 3634 d
349 3591 365 3635 b
382 3604 395 3636 o
412 3599 508 3651 pergett
525 3588 580 3636 crim
592 3598 670 3636 sutem
683 3590 705 3636 P
716 3589 778 3637 ultra
807 3584 887 3632 radius
904 3587 927 3634 Τ
946 3602 961 3646 p
980 3587 1077 3647 paulum
1089 3585 1193 3633 diversus
1202 3588 1263 3633 sumi
1273 3587 1357 3636 debeat
1366 3593 1396 3636 ab
1406 3605 1435 3637 eo

147 3649 264 3712 drquium
280 3667 293 3698 a
310 3650 358 3704 db
373 3667 387 3698 c
403 3651 538 3712 pervenerit,
551 3653 661 3700 detractio
671 3654 705 3699 vis
720 3669 776 3700 con.
808 3649 848 3712 qni
859 3649 1001 3698 inveniretur
1011 3649 1031 3697 si
1045 3650 1079 3696 vis
1090 3666 1118 3698 ea
1128 3659 1237 3697 extranea
1248 3662 1355 3699 constans
1366 3654 1432 3700 foret.

147 3715 229 3762 nantis
249 3714 296 3761 rim
313 3716 439 3763 centrtiem
457 3716 537 3762 minus
552 3717 643 3762 minuet
653 3715 724 3779 quim
741 3733 776 3765 set
840 3717 913 3762 Sciol.
950 3713 1012 3760 Aliis
1021 3713 1136 3761 methodis
1150 3713 1259 3761 effectum
1272 3715 1378 3762 illius'vis
1394 3731 1435 3762 ex·

147 3778 254 3825 cundum
275 3781 361 3826 cubum
383 3780 542 3827 distantiarum
551 3797 559 3838 ς
576 3780 583 3825 i
625 3796 655 3827 ue
675 3782 777 3844 angulus
808 3787 895 3825 banea
906 3777 936 3824 ad
947 3777 1049 3824 calculos
1059 3777 1161 3824 revocari
1171 3793 1237 3837 posse
1248 3793 1296 3826 non
1312 3794 1433 3840 negamus,

147 3855 227 3888 curras
237 3857 292 3888 curn
300 3842 365 3889 radio
372 3841 448 3890 minor
457 3843 497 3890 liet
504 3842 575 3905 quim
585 3790 777 3906 ffiffltbmma
808 3853 831 3889 et
842 3842 937 3903 quidem
951 3857 1024 3888 unam
1034 3850 1074 3887 sut
1085 3839 1181 3887 aiteram
1191 3842 1328 3889 methodum
1344 3845 1374 3888 ab
1389 3839 1435 3889 hic

146 3904 238 3964 spiratis
255 3905 427 3960 describeretur,
448 3917 471 3953 et
489 3907 584 3953 undem
601 3907 725 3956 reducetur
745 3909 775 3958 ad
808 3904 922 3953 diversam
933 3904 1077 3952 cumdemin
1088 3904 1160 3952 tuem
1174 3905 1200 3952 iu
1216 3906 1364 3968 sequentibus
1379 3920 1434 3966 pro-

146 3969 264 4030 angoium
273 3978 364 4018 rectum
375 3970 437 4017 ultra
447 3969 561 4017 circulum
578 3985 593 4016 a
611 3970 627 4017 d
646 3973 661 4018 b
679 3987 700 4028 c,
720 3973 777 4020 inde
807 3982 931 4030 ponemus.

146 4031 203 4078 retd
220 4047 289 4079 curva
305 4049 359 4080 cum
378 4032 443 4080 radio
454 4033 523 4080 saciet
540 4034 655 4096 angulum
671 4047 774 4092 acutum,

146 4109 203 4146 nam
214 4097 249 4142 ris
259 4095 367 4144 centralis
375 4097 423 4144 illic
431 4097 506 4160 major
513 4106 548 4144 est
555 4095 625 4159 quim
637 4109 664 4146 ut
674 4099 775 4147 circulus

145 4155 245 4206 describi
253 4158 332 4219 possit,
340 4160 404 4222 quod
412 4161 445 4208 sic
456 4161 607 4222 demonstrari
616 4173 690 4222 potest
696 4181 704 4221 ς
716 4179 774 4210 area
1022 4161 1159 4210 THEOR.
1178 4162 1216 4209 11.

146 4221 275 4284 equalibus
286 4224 428 4282 temporibus
435 4224 555 4284 descripta
562 4224 660 4273 durante
670 4235 719 4273 toto
729 4227 774 4274 hoe

145 4286 249 4346 corporis
267 4286 288 4332 P
304 4296 371 4334 motu
382 4298 438 4334 sunt
449 4289 535 4348 ubique
545 4289 652 4350 aequales,
664 4291 774 4352 quonism
841 4288 927 4337 Positis
936 4289 965 4336 iis
975 4304 1028 4352 quse
1044 4289 1070 4335 in
1088 4288 1163 4348 primo
1180 4287 1333 4345 Theoremate
1349 4305 1434 4352 suppo·

144 4348 207 4396 sires
225 4348 255 4397 ad
272 4359 378 4398 centrum
396 4352 419 4399 Τ
436 4361 567 4398 constanter
583 4352 715 4415 diriguntur
734 4355 774 4416 (ex
807 4364 904 4409 nuntur,
917 4353 1007 4400 dicatur
1023 4368 1034 4399 r
1049 4351 1128 4399 radius
1139 4350 1219 4399 circuli
1232 4354 1256 4399 A
1270 4353 1295 4399 D
1308 4354 1330 4400 B
1343 4355 1371 4409 0,
1383 4354 1435 4421 ⁸l‘t

146 4411 230 4488 iiyp.)
242 4410 342 4476 ideisque
352 4415 376 4460 in
388 4430 416 4461 eo
426 4415 479 4462 loco
488 4416 550 4462 ultra
560 4414 675 4464 circulum
685 4431 699 4464 s
709 4415 724 4462 d
735 4419 751 4463 b
761 4431 789 4466 c·
806 4417 886 4464 radius
893 4417 974 4464 circuli
984 4433 999 4463 a
1008 4416 1024 4462 d
1034 4418 1050 4462 b
1060 4431 1081 4472 e,
1093 4415 1131 4462 vel
1141 4437 1156 4462 ι
1167 4415 1205 4472 ili
1216 4436 1238 4474 s,
1250 4416 1280 4463 sit
1290 4433 1306 4477 p
1316 4418 1435 4465 radiorum

144 4479 696 4540 inquoanguluscurvaecumradioiitrectus,
709 4495 775 4526 arctis
806 4493 858 4526 ret
874 4501 886 4545 g
903 4480 1048 4536 differentia3
1065 4479 1100 4525 tls
1115 4479 1435 4539 mrporirTiudtsuusiir
1525 4499 1533 4506 ·

146 4537 202 4588 dato
213 4552 317 4600 tempore
327 4541 455 4601 descriptus
466 4543 525 4588 ioret
535 4545 584 4602 ipsa
594 4543 654 4590 basis
664 4559 724 4591 arere
734 4543 774 4590 de-
807 4543 899 4589 dicatur
911 4543 933 4588 V
945 4554 969 4589 et
978 4544 1003 4588 in
1014 4542 1095 4588 eadem
1106 4542 1221 4590 distantih
1230 4545 1265 4590 ris
1280 4556 1389 4592 cucanea
1399 4545 1435 4590 di·

146 4604 239 4665 scripta
254 4604 322 4667 cnjus
332 4605 431 4652 altitudo
447 4616 481 4652 est
496 4605 606 4654 diemoth
616 4623 630 4654 a
641 4618 719 4654 centro
734 4623 775 4654 seu
807 4615 874 4652 catur
887 4606 907 4652 Y
919 4620 972 4667 quar
982 4615 1069 4652 crescat
1084 4616 1112 4653 ut
1126 4606 1242 4654 distantiae
1256 4624 1273 4654 a
1287 4620 1367 4656 centro
1379 4609 1402 4655 T
1411 4617 1435 4654 et

145 4668 195 4728 ipse
205 4667 293 4726 radius,
309 4678 333 4715 et
348 4669 368 4716 is
384 4684 451 4716 arcus
461 4668 529 4717 debet
545 4685 593 4716 esse
604 4671 634 4718 sd
644 4687 723 4720 arcum
734 4670 775 4732 qui
807 4685 860 4732 qna
872 4669 969 4729 positiva
983 4678 1103 4716 censeatur
1119 4671 1138 4716 ai
1156 4672 1268 4719 dhuahat
1278 4687 1361 4732 corpus
1380 4669 1402 4718 P
1420 4686 1436 4717 a

147 4731 231 4780 eodem
242 4741 345 4794 tempore
360 4731 489 4794 descriptus
499 4733 580 4780 tuiuor
590 4749 605 4781 a
615 4749 709 4795 corpore
725 4733 775 4782 Psi
808 4744 897 4790 centro,
907 4733 1014 4796 negativa
1021 4729 1101 4782 rettisi
1113 4733 1174 4782 iliud
1180 4735 1314 4783 attrabatad
1320 4744 1435 4792 cescum,

662 4819 819 4867 *Ei
