<?xml version="1.0" encoding="UTF-8"?>
<!DOCTYPE html PUBLIC "-//W3C//DTD XHTML 1.0 Transitional//EN"
    "http://www.w3.org/TR/xhtml1/DTD/xhtml1-transitional.dtd">
<html xmlns="http://www.w3.org/1999/xhtml" xml:lang="en" lang="en">
 <head>
  <title>
</title>
<meta http-equiv="Content-Type" content="text/html;charset=utf-8" />
  <meta name='ocr-system' content='tesseract 3.04.00' />
  <meta name='ocr-capabilities' content='ocr_page ocr_carea ocr_par ocr_line ocrx_word'/>
</head>
<body>
  <div class='ocr_page' id='page_1' title='image "./philosophinatur04wriggoog_0137.png"; bbox 0 0 3392 5675; ppageno 0'>
   <div class='ocr_carea' id='block_1_1' title="bbox 285 461 1573 551">
    <p class='ocr_par' dir='ltr' id='par_1_1' title="bbox 285 461 1573 551">
     <span class='ocr_line' id='line_1_1' title="bbox 285 461 1573 551; baseline 0.004 -23"><span class='ocrx_word' id='word_1_1' title='bbox 285 472 347 529; x_wconf 74' lang='lat'><strong>126</strong></span> <span class='ocrx_word' id='word_1_2' title='bbox 599 461 939 532; x_wconf 86' lang='lat' dir='ltr'>PHILOSOPHIAE</span> <span class='ocrx_word' id='word_1_3' title='bbox 962 462 1236 534; x_wconf 83' lang='lat' dir='ltr'>NATURALIS</span> <span class='ocrx_word' id='word_1_4' title='bbox 1256 466 1329 551; x_wconf 82' lang='lat' dir='ltr'><strong>[Da</strong></span> <span class='ocrx_word' id='word_1_5' title='bbox 1342 468 1573 534; x_wconf 61' lang='lat' dir='ltr'><strong>Mannum.</strong></span> 
     </span>
    </p>
   </div>
   <div class='ocr_carea' id='block_1_2' title="bbox 276 636 1574 1148">
    <p class='ocr_par' dir='ltr' id='par_1_2' title="bbox 281 636 1574 1036">
     <span class='ocr_line' id='line_1_2' title="bbox 283 636 1574 728; baseline 0.003 -27"><span class='ocrx_word' id='word_1_6' title='bbox 283 636 447 726; x_wconf 84' lang='lat' dir='ltr'><strong>oolligitur.</strong></span> <span class='ocrx_word' id='word_1_7' title='bbox 494 640 594 705; x_wconf 89' lang='lat' dir='ltr'><strong>Sunto</strong></span> <span class='ocrx_word' id='word_1_8' title='bbox 616 648 647 698; x_wconf 63' lang='grc' dir='ltr'><strong><em>φ</em></strong></span> <span class='ocrx_word' id='word_1_9' title='bbox 665 638 755 715; x_wconf 87' lang='lat' dir='ltr'><strong>QA,</strong></span> <span class='ocrx_word' id='word_1_10' title='bbox 778 649 809 695; x_wconf 66' lang='lat' dir='ltr'><strong>‘t&#39;</strong></span> <span class='ocrx_word' id='word_1_11' title='bbox 827 638 860 713; x_wconf 99' lang='lat' dir='ltr'><strong>Q</strong></span> <span class='ocrx_word' id='word_1_12' title='bbox 876 638 915 715; x_wconf 91' lang='lat' dir='ltr'><strong>B,</strong></span> <span class='ocrx_word' id='word_1_13' title='bbox 938 650 970 696; x_wconf 77' lang='lat' dir='ltr'><strong>‘t‘</strong></span> <span class='ocrx_word' id='word_1_14' title='bbox 988 640 1066 715; x_wconf 84' lang='lat' dir='ltr'>Qc</span> <span class='ocrx_word' id='word_1_15' title='bbox 1086 641 1257 705; x_wconf 73' lang='lat' dir='ltr'><strong>observater</strong></span> <span class='ocrx_word' id='word_1_16' title='bbox 1275 653 1338 705; x_wconf 89' lang='lat' dir='ltr'><strong>tres</strong></span> <span class='ocrx_word' id='word_1_17' title='bbox 1360 642 1574 728; x_wconf 76' lang='lat' dir='ltr'><strong>longitudines</strong></span> 
     </span>
     <span class='ocr_line' id='line_1_3' title="bbox 283 744 1574 834; baseline 0.002 -25"><span class='ocrx_word' id='word_1_18' title='bbox 283 758 422 810; x_wconf 71' lang='lat' dir='ltr'><strong>comete</strong></span> <span class='ocrx_word' id='word_1_19' title='bbox 434 746 493 809; x_wconf 89' lang='lat' dir='ltr'><strong>sub</strong></span> <span class='ocrx_word' id='word_1_20' title='bbox 514 744 602 809; x_wconf 84' lang='lat' dir='ltr'><strong>initio</strong></span> <span class='ocrx_word' id='word_1_21' title='bbox 623 745 736 823; x_wconf 75' lang='lat' dir='ltr'><strong>motin,</strong></span> <span class='ocrx_word' id='word_1_22' title='bbox 759 745 863 831; x_wconf 84' lang='lat' dir='ltr'><strong>sitque</strong></span> <span class='ocrx_word' id='word_1_23' title='bbox 879 756 910 802; x_wconf 61' lang='lat' dir='ltr'><strong>‘t&#39;</strong></span> <span class='ocrx_word' id='word_1_24' title='bbox 929 746 963 821; x_wconf 87' lang='lat' dir='ltr'>Q</span> <span class='ocrx_word' id='word_1_25' title='bbox 978 746 1005 809; x_wconf 86' lang='lat' dir='ltr'><strong>F</strong></span> <span class='ocrx_word' id='word_1_26' title='bbox 1025 746 1190 834; x_wconf 83' lang='lat' dir='ltr'><strong>longitudo</strong></span> <span class='ocrx_word' id='word_1_27' title='bbox 1202 746 1312 811; x_wconf 78' lang='lat' dir='ltr'><strong>ultimo</strong></span> <span class='ocrx_word' id='word_1_28' title='bbox 1326 748 1499 825; x_wconf 85' lang='lat' dir='ltr'><strong>observato,</strong></span> <span class='ocrx_word' id='word_1_29' title='bbox 1515 750 1574 813; x_wconf 86' lang='lat' dir='ltr'><strong>ubi</strong></span> 
     </span>
     <span class='ocr_line' id='line_1_4' title="bbox 283 851 1572 939; baseline 0.003 -24"><span class='ocrx_word' id='word_1_30' title='bbox 283 864 403 916; x_wconf 87' lang='lat' dir='ltr'><strong>cometa</strong></span> <span class='ocrx_word' id='word_1_31' title='bbox 423 851 521 915; x_wconf 87' lang='lat' dir='ltr'><strong>videri</strong></span> <span class='ocrx_word' id='word_1_32' title='bbox 543 851 666 917; x_wconf 87' lang='lat' dir='ltr'><strong>desinit.</strong></span> <span class='ocrx_word' id='word_1_33' title='bbox 711 852 750 936; x_wconf 83' lang='lat'><strong>(⁸)</strong></span> <span class='ocrx_word' id='word_1_34' title='bbox 766 852 890 938; x_wconf 82' lang='lat' dir='ltr'>Agatur</span> <span class='ocrx_word' id='word_1_35' title='bbox 911 862 996 916; x_wconf 86' lang='lat' dir='ltr'><strong>recta</strong></span> <span class='ocrx_word' id='word_1_36' title='bbox 1011 852 1043 917; x_wconf 88' lang='lat' dir='ltr'>A</span> <span class='ocrx_word' id='word_1_37' title='bbox 1060 853 1090 918; x_wconf 94' lang='lat' dir='ltr'><strong>B</strong></span> <span class='ocrx_word' id='word_1_38' title='bbox 1105 854 1145 933; x_wconf 84' lang='lat' dir='ltr'><strong>C,</strong></span> <span class='ocrx_word' id='word_1_39' title='bbox 1163 856 1250 939; x_wconf 82' lang='lat' dir='ltr'><strong>cujus</strong></span> <span class='ocrx_word' id='word_1_40' title='bbox 1263 865 1368 939; x_wconf 79' lang='lat' dir='ltr'><strong>partes</strong></span> <span class='ocrx_word' id='word_1_41' title='bbox 1383 853 1415 918; x_wconf 89' lang='lat' dir='ltr'>A</span> <span class='ocrx_word' id='word_1_42' title='bbox 1431 854 1470 931; x_wconf 92' lang='lat' dir='ltr'><strong>B,</strong></span> <span class='ocrx_word' id='word_1_43' title='bbox 1494 854 1524 918; x_wconf 93' lang='lat' dir='ltr'><strong>B</strong></span> <span class='ocrx_word' id='word_1_44' title='bbox 1541 856 1572 919; x_wconf 90' lang='lat' dir='ltr'>C</span> 
     </span>
     <span class='ocr_line' id='line_1_5' title="bbox 281 956 973 1036; baseline -0.001 -15"><span class='ocrx_word' id='word_1_45' title='bbox 281 956 617 1036; x_wconf 87' lang='lat' dir='ltr'><strong>rectisQAetQB,</strong></span> <span class='ocrx_word' id='word_1_46' title='bbox 638 956 973 1034; x_wconf 88' lang='lat' dir='ltr'><strong>QBetQCinter·</strong></span> 
     </span>
    </p>

    <p class='ocr_par' dir='ltr' id='par_1_3' title="bbox 276 1051 1529 1148">
     <span class='ocr_line' id='line_1_6' title="bbox 276 1051 1529 1148; baseline 0.002 -21"><span class='ocrx_word' id='word_1_47' title='bbox 276 1064 379 1147; x_wconf 69' lang='lat' dir='ltr'><strong>jectar,</strong></span> <span class='ocrx_word' id='word_1_48' title='bbox 404 1064 464 1128; x_wconf 90' lang='lat' dir='ltr'><strong>sint</strong></span> <span class='ocrx_word' id='word_1_49' title='bbox 478 1064 519 1128; x_wconf 87' lang='lat' dir='ltr'><strong>ad</strong></span> <span class='ocrx_word' id='word_1_50' title='bbox 535 1064 666 1129; x_wconf 85' lang='lat' dir='ltr'><strong>invicem</strong></span> <span class='ocrx_word' id='word_1_51' title='bbox 681 1076 717 1128; x_wconf 93' lang='lat' dir='ltr'><strong>ut</strong></span> <span class='ocrx_word' id='word_1_52' title='bbox 731 1077 872 1148; x_wconf 86' lang='lat' dir='ltr'><strong>tempora</strong></span> <span class='ocrx_word' id='word_1_53' title='bbox 891 1064 973 1129; x_wconf 91' lang='lat' dir='ltr'><strong>inter</strong></span> <span class='ocrx_word' id='word_1_54' title='bbox 1051 1053 1073 1101; x_wconf 55' lang='grc' dir='ltr'><strong>(ἶ</strong></span> <span class='ocrx_word' id='word_1_55' title='bbox 1105 1052 1128 1098; x_wconf 74' lang='lat' dir='ltr'><strong>F</strong></span> <span class='ocrx_word' id='word_1_56' title='bbox 1284 1051 1306 1103; x_wconf 74' lang='lat'><strong>⁰</strong></span> <span class='ocrx_word' id='word_1_57' title='bbox 1371 1052 1395 1097; x_wconf 70' lang='lat' dir='ltr'>B</span> <span class='ocrx_word' id='word_1_58' title='bbox 1498 1055 1529 1103; x_wconf 83' lang='lat' dir='ltr'>A</span> 
     </span>
    </p>
   </div>
   <div class='ocr_carea' id='block_1_3' title="bbox 165 1171 973 1354">
    <p class='ocr_par' dir='ltr' id='par_1_4' title="bbox 165 1171 973 1354">
     <span class='ocr_line' id='line_1_7' title="bbox 165 1171 973 1277; baseline 0.005 -44"><span class='ocrx_word' id='word_1_59' title='bbox 165 1224 184 1277; x_wconf 39' lang='lat'><strong>¹.</strong></span> <span class='ocrx_word' id='word_1_60' title='bbox 282 1171 513 1235; x_wconf 85' lang='lat' dir='ltr'><strong>observationes</strong></span> <span class='ocrx_word' id='word_1_61' title='bbox 526 1186 590 1237; x_wconf 87' lang='lat' dir='ltr'><strong>tres</strong></span> <span class='ocrx_word' id='word_1_62' title='bbox 603 1174 729 1256; x_wconf 86' lang='lat' dir='ltr'><strong>primas.</strong></span> <span class='ocrx_word' id='word_1_63' title='bbox 776 1172 973 1237; x_wconf 86' lang='lat' dir='ltr'><strong>Producatur</strong></span> 
     </span>
     <span class='ocr_line' id='line_1_8' title="bbox 283 1276 971 1354; baseline 0.001 -14"><span class='ocrx_word' id='word_1_64' title='bbox 283 1276 474 1354; x_wconf 83' lang='lat' dir='ltr'><strong>AcadG,</strong></span> <span class='ocrx_word' id='word_1_65' title='bbox 497 1276 971 1343; x_wconf 76' lang='lat' dir='ltr'><strong>utsitAGadAButtem-</strong></span> 
     </span>
    </p>
   </div>
   <div class='ocr_carea' id='block_1_4' title="bbox 279 1386 1572 2874">
    <p class='ocr_par' dir='ltr' id='par_1_5' title="bbox 279 1386 1572 2874">
     <span class='ocr_line' id='line_1_9' title="bbox 280 1386 972 1471; baseline 0.004 -22"><span class='ocrx_word' id='word_1_66' title='bbox 280 1406 341 1469; x_wconf 90' lang='lat' dir='ltr'><strong>pus</strong></span> <span class='ocrx_word' id='word_1_67' title='bbox 356 1388 437 1449; x_wconf 90' lang='lat' dir='ltr'><strong>inter</strong></span> <span class='ocrx_word' id='word_1_68' title='bbox 449 1388 696 1451; x_wconf 87' lang='lat' dir='ltr'><strong>observationem</strong></span> <span class='ocrx_word' id='word_1_69' title='bbox 709 1386 843 1471; x_wconf 82' lang='lat' dir='ltr'><strong>primam</strong></span> <span class='ocrx_word' id='word_1_70' title='bbox 855 1398 887 1451; x_wconf 91' lang='lat' dir='ltr'><strong>et</strong></span> <span class='ocrx_word' id='word_1_71' title='bbox 900 1387 972 1451; x_wconf 87' lang='lat' dir='ltr'><strong>ulti·</strong></span> 
     </span>
     <span class='ocr_line' id='line_1_10' title="bbox 281 1496 974 1580; baseline 0.004 -24"><span class='ocrx_word' id='word_1_72' title='bbox 281 1516 367 1557; x_wconf 89' lang='lat' dir='ltr'><strong>mam</strong></span> <span class='ocrx_word' id='word_1_73' title='bbox 393 1496 434 1560; x_wconf 88' lang='lat' dir='ltr'><strong>ad</strong></span> <span class='ocrx_word' id='word_1_74' title='bbox 462 1508 585 1580; x_wconf 91' lang='lat' dir='ltr'><strong>tempus</strong></span> <span class='ocrx_word' id='word_1_75' title='bbox 615 1496 697 1560; x_wconf 87' lang='lat' dir='ltr'><strong>inter</strong></span> <span class='ocrx_word' id='word_1_76' title='bbox 725 1496 974 1561; x_wconf 84' lang='lat' dir='ltr'><strong>observationem</strong></span> 
     </span>
     <span class='ocr_line' id='line_1_11' title="bbox 282 1600 971 1689; baseline 0.007 -27"><span class='ocrx_word' id='word_1_77' title='bbox 282 1600 417 1685; x_wconf 83' lang='lat' dir='ltr'><strong>primam</strong></span> <span class='ocrx_word' id='word_1_78' title='bbox 431 1616 463 1667; x_wconf 90' lang='lat' dir='ltr'><strong>et</strong></span> <span class='ocrx_word' id='word_1_79' title='bbox 477 1602 655 1679; x_wconf 84' lang='lat' dir='ltr'><strong>secundam,</strong></span> <span class='ocrx_word' id='word_1_80' title='bbox 672 1614 704 1665; x_wconf 91' lang='lat' dir='ltr'><strong>et</strong></span> <span class='ocrx_word' id='word_1_81' title='bbox 712 1603 865 1689; x_wconf 82' lang='lat' dir='ltr'><strong>jungatur</strong></span> <span class='ocrx_word' id='word_1_82' title='bbox 880 1602 913 1678; x_wconf 89' lang='lat' dir='ltr'><strong>Q</strong></span> <span class='ocrx_word' id='word_1_83' title='bbox 928 1603 971 1667; x_wconf 87' lang='lat' dir='ltr'><strong>G.</strong></span> 
     </span>
     <span class='ocr_line' id='line_1_12' title="bbox 283 1708 973 1774; baseline 0 -1"><span class='ocrx_word' id='word_1_84' title='bbox 283 1708 327 1773; x_wconf 84' lang='lat' dir='ltr'><strong>Et</strong></span> <span class='ocrx_word' id='word_1_85' title='bbox 349 1710 375 1773; x_wconf 89' lang='lat' dir='ltr'><strong>si</strong></span> <span class='ocrx_word' id='word_1_86' title='bbox 397 1723 518 1774; x_wconf 87' lang='lat' dir='ltr'><strong>cometa</strong></span> <span class='ocrx_word' id='word_1_87' title='bbox 531 1721 708 1773; x_wconf 89' lang='lat' dir='ltr'><strong>moveretur</strong></span> <span class='ocrx_word' id='word_1_88' title='bbox 723 1709 919 1773; x_wconf 85' lang='lat' dir='ltr'><strong>uniformiter</strong></span> <span class='ocrx_word' id='word_1_89' title='bbox 939 1711 973 1773; x_wconf 92' lang='lat' dir='ltr'><strong>in</strong></span> 
     </span>
     <span class='ocr_line' id='line_1_13' title="bbox 279 1815 1569 1904; baseline 0.007 -25"><span class='ocrx_word' id='word_1_90' title='bbox 279 1815 363 1881; x_wconf 78' lang='lat' dir='ltr'><strong>linesi</strong></span> <span class='ocrx_word' id='word_1_91' title='bbox 378 1816 472 1895; x_wconf 72' lang='lat' dir='ltr'><strong>recti,</strong></span> <span class='ocrx_word' id='word_1_92' title='bbox 496 1830 589 1903; x_wconf 88' lang='lat' dir='ltr'><strong>atque</strong></span> <span class='ocrx_word' id='word_1_93' title='bbox 604 1816 706 1881; x_wconf 82' lang='lat' dir='ltr'><strong>Terra</strong></span> <span class='ocrx_word' id='word_1_94' title='bbox 727 1818 774 1882; x_wconf 90' lang='lat' dir='ltr'><strong>vel</strong></span> <span class='ocrx_word' id='word_1_95' title='bbox 798 1818 979 1904; x_wconf 84' lang='lat' dir='ltr'><strong>quiesceret,</strong></span> <span class='ocrx_word' id='word_1_96' title='bbox 1002 1818 1051 1883; x_wconf 86' lang='lat' dir='ltr'><strong>vel</strong></span> <span class='ocrx_word' id='word_1_97' title='bbox 1071 1820 1165 1884; x_wconf 86' lang='lat' dir='ltr'><strong>etiam</strong></span> <span class='ocrx_word' id='word_1_98' title='bbox 1178 1821 1212 1883; x_wconf 92' lang='lat' dir='ltr'><strong>in</strong></span> <span class='ocrx_word' id='word_1_99' title='bbox 1226 1820 1309 1885; x_wconf 71' lang='lat' dir='ltr'><strong>linei</strong></span> <span class='ocrx_word' id='word_1_100' title='bbox 1323 1822 1407 1886; x_wconf 73' lang='lat' dir='ltr'><strong>recti</strong></span> <span class='ocrx_word' id='word_1_101' title='bbox 1422 1822 1569 1889; x_wconf 84' lang='lat' dir='ltr'><strong>uniformi</strong></span> 
     </span>
     <span class='ocr_line' id='line_1_14' title="bbox 280 1931 1572 2021; baseline 0 -26"><span class='ocrx_word' id='word_1_102' title='bbox 280 1954 352 1995; x_wconf 88' lang='lat' dir='ltr'><strong>cum</strong></span> <span class='ocrx_word' id='word_1_103' title='bbox 373 1944 461 1995; x_wconf 89' lang='lat' dir='ltr'><strong>motu</strong></span> <span class='ocrx_word' id='word_1_104' title='bbox 483 1932 736 2019; x_wconf 81' lang='lat' dir='ltr'><strong>progrederetur,</strong></span> <span class='ocrx_word' id='word_1_105' title='bbox 759 1931 841 1996; x_wconf 88' lang='lat' dir='ltr'><strong>foret</strong></span> <span class='ocrx_word' id='word_1_106' title='bbox 863 1933 995 2019; x_wconf 83' lang='lat' dir='ltr'><strong>angulus</strong></span> <span class='ocrx_word' id='word_1_107' title='bbox 1018 1944 1048 1991; x_wconf 64' lang='lat' dir='ltr'><strong>‘r‘</strong></span> <span class='ocrx_word' id='word_1_108' title='bbox 1066 1932 1148 2009; x_wconf 87' lang='lat' dir='ltr'>QG</span> <span class='ocrx_word' id='word_1_109' title='bbox 1169 1932 1334 2021; x_wconf 81' lang='lat' dir='ltr'><strong>longitudo</strong></span> <span class='ocrx_word' id='word_1_110' title='bbox 1348 1947 1478 1999; x_wconf 85' lang='lat' dir='ltr'><strong>cometae</strong></span> <span class='ocrx_word' id='word_1_111' title='bbox 1492 1948 1572 1997; x_wconf 92' lang='lat' dir='ltr'><strong>tem·</strong></span> 
     </span>
     <span class='ocr_line' id='line_1_15' title="bbox 280 2036 1571 2128; baseline 0.002 -26"><span class='ocrx_word' id='word_1_112' title='bbox 280 2060 358 2123; x_wconf 89' lang='lat' dir='ltr'><strong>poro</strong></span> <span class='ocrx_word' id='word_1_113' title='bbox 380 2038 602 2101; x_wconf 85' lang='lat' dir='ltr'><strong>observationis</strong></span> <span class='ocrx_word' id='word_1_114' title='bbox 624 2036 752 2101; x_wconf 81' lang='lat' dir='ltr'><strong>ultimae.</strong></span> <span class='ocrx_word' id='word_1_115' title='bbox 798 2037 943 2123; x_wconf 83' lang='lat' dir='ltr'><strong>Angulus</strong></span> <span class='ocrx_word' id='word_1_116' title='bbox 966 2038 1061 2125; x_wconf 84' lang='lat' dir='ltr'><strong>igitur</strong></span> <span class='ocrx_word' id='word_1_117' title='bbox 1086 2040 1113 2103; x_wconf 89' lang='lat' dir='ltr'><strong>F</strong></span> <span class='ocrx_word' id='word_1_118' title='bbox 1135 2039 1168 2115; x_wconf 86' lang='lat' dir='ltr'><strong>Q</strong></span> <span class='ocrx_word' id='word_1_119' title='bbox 1191 2041 1234 2116; x_wconf 90' lang='lat' dir='ltr'><strong>G,</strong></span> <span class='ocrx_word' id='word_1_120' title='bbox 1261 2041 1315 2127; x_wconf 90' lang='lat' dir='ltr'><strong>qui</strong></span> <span class='ocrx_word' id='word_1_121' title='bbox 1338 2041 1571 2128; x_wconf 84' lang='lat' dir='ltr'><strong>longitudinum</strong></span> 
     </span>
     <span class='ocr_line' id='line_1_16' title="bbox 280 2143 1572 2229; baseline 0.002 -22"><span class='ocrx_word' id='word_1_122' title='bbox 280 2144 454 2208; x_wconf 84' lang='lat' dir='ltr'><strong>differentia</strong></span> <span class='ocrx_word' id='word_1_123' title='bbox 475 2156 531 2220; x_wconf 90' lang='lat' dir='ltr'><strong>est,</strong></span> <span class='ocrx_word' id='word_1_124' title='bbox 554 2144 653 2206; x_wconf 89' lang='lat' dir='ltr'><strong>oritur</strong></span> <span class='ocrx_word' id='word_1_125' title='bbox 675 2144 716 2207; x_wconf 90' lang='lat' dir='ltr'><strong>ab</strong></span> <span class='ocrx_word' id='word_1_126' title='bbox 737 2143 947 2229; x_wconf 82' lang='lat' dir='ltr'><strong>inaequalitate</strong></span> <span class='ocrx_word' id='word_1_127' title='bbox 965 2157 1109 2225; x_wconf 81' lang='lat' dir='ltr'><strong>motuum</strong></span> <span class='ocrx_word' id='word_1_128' title='bbox 1131 2158 1261 2211; x_wconf 69' lang='lat' dir='ltr'><strong>cometae</strong></span> <span class='ocrx_word' id='word_1_129' title='bbox 1280 2169 1316 2211; x_wconf 86' lang='lat' dir='ltr'><strong>ac</strong></span> <span class='ocrx_word' id='word_1_130' title='bbox 1339 2146 1458 2211; x_wconf 87' lang='lat' dir='ltr'><strong>Terrae.</strong></span> <span class='ocrx_word' id='word_1_131' title='bbox 1506 2147 1572 2209; x_wconf 90' lang='lat' dir='ltr'><strong>Hic</strong></span> 
     </span>
     <span class='ocr_line' id='line_1_17' title="bbox 281 2254 1572 2341; baseline -0.001 -23"><span class='ocrx_word' id='word_1_132' title='bbox 281 2268 385 2318; x_wconf 85' lang='lat' dir='ltr'><strong>autem</strong></span> <span class='ocrx_word' id='word_1_133' title='bbox 399 2255 543 2341; x_wconf 85' lang='lat' dir='ltr'><strong>angulus,</strong></span> <span class='ocrx_word' id='word_1_134' title='bbox 560 2255 586 2317; x_wconf 89' lang='lat' dir='ltr'><strong>si</strong></span> <span class='ocrx_word' id='word_1_135' title='bbox 602 2254 703 2317; x_wconf 90' lang='lat' dir='ltr'><strong>Terra</strong></span> <span class='ocrx_word' id='word_1_136' title='bbox 718 2265 749 2316; x_wconf 85' lang='lat' dir='ltr'><strong>et</strong></span> <span class='ocrx_word' id='word_1_137' title='bbox 763 2264 884 2317; x_wconf 85' lang='lat' dir='ltr'><strong>cometa</strong></span> <span class='ocrx_word' id='word_1_138' title='bbox 899 2255 932 2317; x_wconf 91' lang='lat' dir='ltr'><strong>in</strong></span> <span class='ocrx_word' id='word_1_139' title='bbox 947 2256 1116 2319; x_wconf 82' lang='lat' dir='ltr'><strong>contrarias</strong></span> <span class='ocrx_word' id='word_1_140' title='bbox 1130 2268 1234 2338; x_wconf 81' lang='lat' dir='ltr'><strong>portes</strong></span> <span class='ocrx_word' id='word_1_141' title='bbox 1248 2268 1422 2331; x_wconf 81' lang='lat' dir='ltr'><strong>moventur,</strong></span> <span class='ocrx_word' id='word_1_142' title='bbox 1446 2256 1572 2318; x_wconf 87' lang='lat' dir='ltr'><strong>additur</strong></span> 
     </span>
     <span class='ocr_line' id='line_1_18' title="bbox 279 2358 1572 2445; baseline 0 -22"><span class='ocrx_word' id='word_1_143' title='bbox 279 2360 395 2445; x_wconf 82' lang='lat' dir='ltr'><strong>angulo</strong></span> <span class='ocrx_word' id='word_1_144' title='bbox 410 2370 441 2417; x_wconf 69' lang='lat' dir='ltr'><strong>‘t‘</strong></span> <span class='ocrx_word' id='word_1_145' title='bbox 459 2358 492 2435; x_wconf 90' lang='lat' dir='ltr'>Q</span> <span class='ocrx_word' id='word_1_146' title='bbox 507 2359 550 2435; x_wconf 89' lang='lat' dir='ltr'><strong>G,</strong></span> <span class='ocrx_word' id='word_1_147' title='bbox 574 2360 664 2423; x_wconf 82' lang='lat' dir='ltr'><strong>etsie</strong></span> <span class='ocrx_word' id='word_1_148' title='bbox 679 2370 798 2421; x_wconf 89' lang='lat' dir='ltr'><strong>motum</strong></span> <span class='ocrx_word' id='word_1_149' title='bbox 813 2370 1017 2442; x_wconf 76' lang='lat' dir='ltr'><strong>apparentem</strong></span> <span class='ocrx_word' id='word_1_150' title='bbox 1032 2374 1162 2424; x_wconf 82' lang='lat' dir='ltr'><strong>cometae</strong></span> <span class='ocrx_word' id='word_1_151' title='bbox 1176 2362 1364 2425; x_wconf 86' lang='lat' dir='ltr'><strong>velociorem</strong></span> <span class='ocrx_word' id='word_1_152' title='bbox 1378 2362 1499 2425; x_wconf 88' lang='lat' dir='ltr'><strong>reddit:</strong></span> <span class='ocrx_word' id='word_1_153' title='bbox 1524 2363 1572 2424; x_wconf 89' lang='lat' dir='ltr'><strong>sin</strong></span> 
     </span>
     <span class='ocr_line' id='line_1_19' title="bbox 279 2465 1572 2557; baseline 0.002 -28"><span class='ocrx_word' id='word_1_154' title='bbox 279 2478 399 2531; x_wconf 84' lang='lat' dir='ltr'><strong>cometa</strong></span> <span class='ocrx_word' id='word_1_155' title='bbox 412 2468 516 2553; x_wconf 87' lang='lat' dir='ltr'><strong>pergit</strong></span> <span class='ocrx_word' id='word_1_156' title='bbox 529 2467 562 2529; x_wconf 94' lang='lat' dir='ltr'><strong>in</strong></span> <span class='ocrx_word' id='word_1_157' title='bbox 577 2465 701 2530; x_wconf 85' lang='lat' dir='ltr'><strong>easdem</strong></span> <span class='ocrx_word' id='word_1_158' title='bbox 715 2478 820 2549; x_wconf 83' lang='lat' dir='ltr'><strong>partes</strong></span> <span class='ocrx_word' id='word_1_159' title='bbox 835 2488 908 2529; x_wconf 91' lang='lat' dir='ltr'><strong>cum</strong></span> <span class='ocrx_word' id='word_1_160' title='bbox 926 2466 1036 2544; x_wconf 67' lang='lat' dir='ltr'><strong>Terris,</strong></span> <span class='ocrx_word' id='word_1_161' title='bbox 1055 2468 1157 2531; x_wconf 87' lang='lat' dir='ltr'><strong>eidem</strong></span> <span class='ocrx_word' id='word_1_162' title='bbox 1172 2468 1370 2557; x_wconf 73' lang='lat' dir='ltr'><strong>subducitur,</strong></span> <span class='ocrx_word' id='word_1_163' title='bbox 1388 2481 1572 2555; x_wconf 91' lang='lat' dir='ltr'><strong>motumque</strong></span> 
     </span>
     <span class='ocr_line' id='line_1_20' title="bbox 281 2572 1572 2661; baseline 0.002 -24"><span class='ocrx_word' id='word_1_164' title='bbox 281 2586 412 2638; x_wconf 72' lang='lat' dir='ltr'><strong>cometae</strong></span> <span class='ocrx_word' id='word_1_165' title='bbox 433 2574 482 2637; x_wconf 85' lang='lat' dir='ltr'><strong>vel</strong></span> <span class='ocrx_word' id='word_1_166' title='bbox 504 2573 671 2638; x_wconf 89' lang='lat' dir='ltr'><strong>tardiorem</strong></span> <span class='ocrx_word' id='word_1_167' title='bbox 687 2572 799 2651; x_wconf 83' lang='lat' dir='ltr'><strong>reddit,</strong></span> <span class='ocrx_word' id='word_1_168' title='bbox 822 2574 873 2637; x_wconf 88' lang='lat' dir='ltr'><strong>vel</strong></span> <span class='ocrx_word' id='word_1_169' title='bbox 886 2572 967 2647; x_wconf 80' lang='lat' dir='ltr'><strong>forte</strong></span> <span class='ocrx_word' id='word_1_170' title='bbox 981 2574 1217 2661; x_wconf 70' lang='lat' dir='ltr'><strong>retrogradum</strong></span> <span class='ocrx_word' id='word_1_171' title='bbox 1241 2575 1280 2659; x_wconf 53' lang='grc' dir='ltr'><strong>(ὓ)</strong></span> <span class='ocrx_word' id='word_1_172' title='bbox 1296 2576 1342 2639; x_wconf 90' lang='lat' dir='ltr'><strong>uti</strong></span> <span class='ocrx_word' id='word_1_173' title='bbox 1363 2575 1460 2639; x_wconf 77' lang='lat' dir='ltr'><strong>modo</strong></span> <span class='ocrx_word' id='word_1_174' title='bbox 1473 2598 1572 2660; x_wconf 86' lang='lat' dir='ltr'><strong>expo·</strong></span> 
     </span>
     <span class='ocr_line' id='line_1_21' title="bbox 280 2676 1572 2767; baseline 0 -22"><span class='ocrx_word' id='word_1_175' title='bbox 280 2681 338 2745; x_wconf 88' lang='lat' dir='ltr'><strong>sui.</strong></span> <span class='ocrx_word' id='word_1_176' title='bbox 384 2680 494 2745; x_wconf 90' lang='lat' dir='ltr'><strong>Oritur</strong></span> <span class='ocrx_word' id='word_1_177' title='bbox 513 2681 608 2767; x_wconf 85' lang='lat' dir='ltr'><strong>igitur</strong></span> <span class='ocrx_word' id='word_1_178' title='bbox 624 2680 676 2743; x_wconf 89' lang='lat' dir='ltr'><strong>hic</strong></span> <span class='ocrx_word' id='word_1_179' title='bbox 691 2679 824 2765; x_wconf 85' lang='lat' dir='ltr'><strong>angulus</strong></span> <span class='ocrx_word' id='word_1_180' title='bbox 844 2678 1003 2763; x_wconf 72' lang='lat' dir='ltr'><strong>praecipud</strong></span> <span class='ocrx_word' id='word_1_181' title='bbox 1018 2701 1059 2743; x_wconf 88' lang='lat' dir='ltr'><strong>ex</strong></span> <span class='ocrx_word' id='word_1_182' title='bbox 1074 2693 1161 2743; x_wconf 89' lang='lat' dir='ltr'><strong>motu</strong></span> <span class='ocrx_word' id='word_1_183' title='bbox 1176 2676 1296 2760; x_wconf 89' lang='lat' dir='ltr'><strong>Terrae,</strong></span> <span class='ocrx_word' id='word_1_184' title='bbox 1321 2692 1353 2744; x_wconf 88' lang='lat' dir='ltr'><strong>et</strong></span> <span class='ocrx_word' id='word_1_185' title='bbox 1372 2680 1490 2743; x_wconf 89' lang='lat' dir='ltr'><strong>idcirco</strong></span> <span class='ocrx_word' id='word_1_186' title='bbox 1510 2703 1572 2765; x_wconf 92' lang='lat' dir='ltr'><strong>pro</strong></span> 
     </span>
     <span class='ocr_line' id='line_1_22' title="bbox 280 2784 1571 2874; baseline 0.001 -23"><span class='ocrx_word' id='word_1_187' title='bbox 280 2786 433 2872; x_wconf 84' lang='lat' dir='ltr'><strong>pamlluxi</strong></span> <span class='ocrx_word' id='word_1_188' title='bbox 448 2799 579 2852; x_wconf 72' lang='lat' dir='ltr'><strong>comete</strong></span> <span class='ocrx_word' id='word_1_189' title='bbox 593 2784 705 2850; x_wconf 74' lang='lat' dir='ltr'><strong>meriti)</strong></span> <span class='ocrx_word' id='word_1_190' title='bbox 719 2785 883 2849; x_wconf 87' lang='lat' dir='ltr'><strong>habendus</strong></span> <span class='ocrx_word' id='word_1_191' title='bbox 897 2797 953 2863; x_wconf 78' lang='lat' dir='ltr'><strong>eet,</strong></span> <span class='ocrx_word' id='word_1_192' title='bbox 976 2786 1121 2874; x_wconf 81' lang='lat' dir='ltr'><strong>neglecto</strong></span> <span class='ocrx_word' id='word_1_193' title='bbox 1134 2786 1276 2852; x_wconf 86' lang='lat' dir='ltr'><strong>videlicet</strong></span> <span class='ocrx_word' id='word_1_194' title='bbox 1290 2788 1355 2872; x_wconf 89' lang='lat' dir='ltr'><strong>ejus</strong></span> <span class='ocrx_word' id='word_1_195' title='bbox 1377 2788 1571 2852; x_wconf 87' lang='lat' dir='ltr'><strong>incremento</strong></span> 
     </span>
    </p>
   </div>
   <div class='ocr_carea' id='block_1_5' title="bbox 1320 1660 1346 1714">
    <p class='ocr_par' dir='ltr' id='par_1_6' title="bbox 1320 1660 1346 1714">
     <span class='ocr_line' id='line_1_23' title="bbox 1320 1660 1346 1714; baseline 0 0"><span class='ocrx_word' id='word_1_196' title='bbox 1320 1660 1346 1714; x_wconf 59' lang='grc' dir='ltr'><strong><em>ἢ</em></strong></span> 
     </span>
    </p>
   </div>
   <div class='ocr_carea' id='block_1_6' title="bbox 278 2968 1572 3934">
    <p class='ocr_par' dir='ltr' id='par_1_7' title="bbox 278 2968 1572 3934">
     <span class='ocr_line' id='line_1_24' title="bbox 278 2968 1571 3037; baseline 0.005 -17"><span class='ocrx_word' id='word_1_197' title='bbox 278 2989 293 3020; x_wconf 94' lang='lat' dir='ltr'><strong>n</strong></span> <span class='ocrx_word' id='word_1_198' title='bbox 304 2974 361 3037; x_wconf 68' lang='lat' dir='ltr'><strong>-l-r.</strong></span> <span class='ocrx_word' id='word_1_199' title='bbox 392 2973 516 3036; x_wconf 79' lang='lat' dir='ltr'><strong>Estigitur</strong></span> <span class='ocrx_word' id='word_1_200' title='bbox 527 2968 557 3022; x_wconf 88' lang='lat' dir='ltr'>M</span> <span class='ocrx_word' id='word_1_201' title='bbox 568 2973 629 3022; x_wconf 85' lang='lat' dir='ltr'><strong>Oad</strong></span> <span class='ocrx_word' id='word_1_202' title='bbox 640 2973 662 3022; x_wconf 94' lang='grc' dir='ltr'>Ο</span> <span class='ocrx_word' id='word_1_203' title='bbox 674 2971 902 3035; x_wconf 75' lang='lat' dir='ltr'><strong>Kutradm4u.</strong></span> <span class='ocrx_word' id='word_1_204' title='bbox 946 2983 970 3021; x_wconf 86' lang='lat' dir='ltr'><strong>et</strong></span> <span class='ocrx_word' id='word_1_205' title='bbox 982 2974 1004 3022; x_wconf 88' lang='lat' dir='ltr'><strong>B</strong></span> <span class='ocrx_word' id='word_1_206' title='bbox 1015 2975 1046 3030; x_wconf 87' lang='lat' dir='ltr'><strong>G,</strong></span> <span class='ocrx_word' id='word_1_207' title='bbox 1058 2975 1501 3036; x_wconf 74' lang='lat' dir='ltr'><strong>utpotdhebenteedetemrationemod</strong></span> <span class='ocrx_word' id='word_1_208' title='bbox 1512 2978 1571 3027; x_wconf 85' lang='lat' dir='ltr'><strong>BD</strong></span> 
     </span>
     <span class='ocr_line' id='line_1_25' title="bbox 281 3036 1572 3104; baseline 0.003 -18"><span class='ocrx_word' id='word_1_209' title='bbox 281 3039 369 3097; x_wconf 79' lang='lat' dir='ltr'><strong>Quare,</strong></span> <span class='ocrx_word' id='word_1_210' title='bbox 385 3037 511 3086; x_wconf 85' lang='lat' dir='ltr'><strong>dividendo</strong></span> <span class='ocrx_word' id='word_1_211' title='bbox 520 3047 545 3086; x_wconf 85' lang='lat' dir='ltr'><strong>et</strong></span> <span class='ocrx_word' id='word_1_212' title='bbox 554 3053 583 3086; x_wconf 66' lang='lat' dir='ltr'><strong>es</strong></span> <span class='ocrx_word' id='word_1_213' title='bbox 594 3051 666 3102; x_wconf 70' lang='lat' dir='ltr'><strong>equo,</strong></span> <span class='ocrx_word' id='word_1_214' title='bbox 684 3045 730 3086; x_wconf 80' lang='lat' dir='ltr'><strong>tres</strong></span> <span class='ocrx_word' id='word_1_215' title='bbox 739 3045 808 3085; x_wconf 77' lang='lat' dir='ltr'><strong>reeta</strong></span> <span class='ocrx_word' id='word_1_216' title='bbox 825 3037 855 3084; x_wconf 91' lang='lat' dir='ltr'>M</span> <span class='ocrx_word' id='word_1_217' title='bbox 868 3036 901 3093; x_wconf 89' lang='lat'><strong>0,</strong></span> <span class='ocrx_word' id='word_1_218' title='bbox 945 3048 969 3084; x_wconf 89' lang='lat' dir='ltr'><strong>et</strong></span> <span class='ocrx_word' id='word_1_219' title='bbox 987 3040 1011 3086; x_wconf 85' lang='lat' dir='ltr'><strong>R</strong></span> <span class='ocrx_word' id='word_1_220' title='bbox 1023 3042 1055 3086; x_wconf 77' lang='lat' dir='ltr'><strong>A·</strong></span> <span class='ocrx_word' id='word_1_221' title='bbox 1086 3041 1143 3090; x_wconf 79' lang='lat' dir='ltr'><strong>Jetn</strong></span> <span class='ocrx_word' id='word_1_222' title='bbox 1154 3039 1243 3088; x_wconf 76' lang='lat' dir='ltr'><strong>veroin</strong></span> <span class='ocrx_word' id='word_1_223' title='bbox 1254 3041 1373 3104; x_wconf 73' lang='lat' dir='ltr'><strong>nungulo</strong></span> <span class='ocrx_word' id='word_1_224' title='bbox 1390 3043 1415 3089; x_wconf 83' lang='lat' dir='ltr'><strong>R</strong></span> <span class='ocrx_word' id='word_1_225' title='bbox 1428 3043 1450 3089; x_wconf 88' lang='lat' dir='ltr'>B</span> <span class='ocrx_word' id='word_1_226' title='bbox 1463 3042 1492 3098; x_wconf 89' lang='lat' dir='ltr'><strong>F,</strong></span> <span class='ocrx_word' id='word_1_227' title='bbox 1509 3043 1572 3090; x_wconf 79' lang='lat' dir='ltr'><strong>datis</strong></span> 
     </span>
     <span class='ocr_line' id='line_1_26' title="bbox 945 3102 1571 3166; baseline 0.006 -17"><span class='ocrx_word' id='word_1_228' title='bbox 945 3102 1054 3150; x_wconf 74' lang='lat' dir='ltr'><strong>lateribus</strong></span> <span class='ocrx_word' id='word_1_229' title='bbox 1074 3104 1096 3151; x_wconf 94' lang='lat' dir='ltr'>B</span> <span class='ocrx_word' id='word_1_230' title='bbox 1118 3105 1150 3160; x_wconf 72' lang='grc' dir='ltr'><strong>Β,</strong></span> <span class='ocrx_word' id='word_1_231' title='bbox 1170 3105 1193 3152; x_wconf 87' lang='grc' dir='ltr'><strong><em>Β</em></strong></span> <span class='ocrx_word' id='word_1_232' title='bbox 1214 3105 1242 3161; x_wconf 86' lang='lat' dir='ltr'><strong>F,</strong></span> <span class='ocrx_word' id='word_1_233' title='bbox 1260 3121 1315 3152; x_wconf 81' lang='lat' dir='ltr'><strong>eum</strong></span> <span class='ocrx_word' id='word_1_234' title='bbox 1334 3105 1423 3166; x_wconf 78' lang='lat' dir='ltr'><strong>angulo</strong></span> <span class='ocrx_word' id='word_1_235' title='bbox 1441 3106 1571 3165; x_wconf 81' lang='lat' dir='ltr'><strong>intercepto</strong></span> 
     </span>
     <span class='ocr_line' id='line_1_27' title="bbox 948 3167 1570 3232; baseline 0.006 -19"><span class='ocrx_word' id='word_1_236' title='bbox 948 3167 972 3213; x_wconf 85' lang='lat' dir='ltr'><strong>R</strong></span> <span class='ocrx_word' id='word_1_237' title='bbox 981 3169 1004 3214; x_wconf 90' lang='lat' dir='ltr'>B</span> <span class='ocrx_word' id='word_1_238' title='bbox 1021 3167 1048 3220; x_wconf 87' lang='lat' dir='ltr'><strong>F,</strong></span> <span class='ocrx_word' id='word_1_239' title='bbox 1068 3167 1155 3216; x_wconf 81' lang='lat' dir='ltr'><strong>dentur</strong></span> <span class='ocrx_word' id='word_1_240' title='bbox 1170 3167 1232 3216; x_wconf 81' lang='lat' dir='ltr'><strong>letus</strong></span> <span class='ocrx_word' id='word_1_241' title='bbox 1249 3169 1273 3217; x_wconf 86' lang='lat' dir='ltr'><strong>R</strong></span> <span class='ocrx_word' id='word_1_242' title='bbox 1287 3169 1307 3216; x_wconf 82' lang='lat' dir='ltr'>F</span> <span class='ocrx_word' id='word_1_243' title='bbox 1321 3179 1346 3216; x_wconf 83' lang='lat' dir='ltr'><strong>et</strong></span> <span class='ocrx_word' id='word_1_244' title='bbox 1360 3169 1464 3232; x_wconf 76' lang='lat' dir='ltr'><strong>angulus</strong></span> <span class='ocrx_word' id='word_1_245' title='bbox 1480 3170 1505 3216; x_wconf 87' lang='lat' dir='ltr'><strong>R</strong></span> <span class='ocrx_word' id='word_1_246' title='bbox 1514 3170 1536 3216; x_wconf 81' lang='lat' dir='ltr'><strong>F</strong></span> <span class='ocrx_word' id='word_1_247' title='bbox 1546 3171 1570 3217; x_wconf 90' lang='lat' dir='ltr'><strong>B</strong></span> 
     </span>
     <span class='ocr_line' id='line_1_28' title="bbox 944 3230 1566 3295; baseline 0.003 -17"><span class='ocrx_word' id='word_1_248' title='bbox 944 3246 971 3278; x_wconf 83' lang='lat' dir='ltr'><strong>uc</strong></span> <span class='ocrx_word' id='word_1_249' title='bbox 992 3230 1089 3292; x_wconf 74' lang='lat' dir='ltr'><strong>proinde</strong></span> <span class='ocrx_word' id='word_1_250' title='bbox 1116 3232 1186 3280; x_wconf 77' lang='lat' dir='ltr'><strong>etiem</strong></span> <span class='ocrx_word' id='word_1_251' title='bbox 1212 3232 1283 3280; x_wconf 83' lang='lat' dir='ltr'><strong>datur</strong></span> <span class='ocrx_word' id='word_1_252' title='bbox 1306 3233 1409 3295; x_wconf 76' lang='lat' dir='ltr'><strong>angulus</strong></span> <span class='ocrx_word' id='word_1_253' title='bbox 1436 3234 1462 3287; x_wconf 97' lang='lat' dir='ltr'><strong>Q</strong></span> <span class='ocrx_word' id='word_1_254' title='bbox 1485 3233 1507 3279; x_wconf 72' lang='lat'><strong>1⁴¹</strong></span> <span class='ocrx_word' id='word_1_255' title='bbox 1529 3235 1566 3280; x_wconf 88' lang='lat' dir='ltr'><strong>H.</strong></span> 
     </span>
     <span class='ocr_line' id='line_1_29' title="bbox 946 3295 1570 3358; baseline 0.003 -16"><span class='ocrx_word' id='word_1_256' title='bbox 946 3295 1056 3343; x_wconf 81' lang='lat' dir='ltr'><strong>Similiter</strong></span> <span class='ocrx_word' id='word_1_257' title='bbox 1072 3295 1098 3342; x_wconf 90' lang='lat' dir='ltr'><strong>in</strong></span> <span class='ocrx_word' id='word_1_258' title='bbox 1113 3295 1231 3358; x_wconf 63' lang='lat' dir='ltr'><strong>singulo</strong></span> <span class='ocrx_word' id='word_1_259' title='bbox 1251 3297 1278 3351; x_wconf 95' lang='lat' dir='ltr'><strong>Q</strong></span> <span class='ocrx_word' id='word_1_260' title='bbox 1291 3297 1314 3344; x_wconf 92' lang='lat' dir='ltr'><strong>B</strong></span> <span class='ocrx_word' id='word_1_261' title='bbox 1331 3297 1363 3354; x_wconf 87' lang='lat' dir='ltr'><strong>G,</strong></span> <span class='ocrx_word' id='word_1_262' title='bbox 1382 3296 1442 3344; x_wconf 82' lang='lat' dir='ltr'><strong>datis</strong></span> <span class='ocrx_word' id='word_1_263' title='bbox 1458 3296 1570 3344; x_wconf 67' lang='lat' dir='ltr'><strong>internus</strong></span> 
     </span>
     <span class='ocr_line' id='line_1_30' title="bbox 946 3359 1570 3423; baseline 0.003 -17"><span class='ocrx_word' id='word_1_264' title='bbox 946 3359 971 3413; x_wconf 90' lang='lat' dir='ltr'><strong>Q</strong></span> <span class='ocrx_word' id='word_1_265' title='bbox 982 3360 1012 3416; x_wconf 92' lang='lat' dir='ltr'><strong>B,</strong></span> <span class='ocrx_word' id='word_1_266' title='bbox 1026 3359 1048 3406; x_wconf 86' lang='lat' dir='ltr'>B</span> <span class='ocrx_word' id='word_1_267' title='bbox 1063 3361 1093 3416; x_wconf 90' lang='lat' dir='ltr'><strong>G,</strong></span> <span class='ocrx_word' id='word_1_268' title='bbox 1105 3369 1129 3406; x_wconf 87' lang='lat' dir='ltr'><strong>et</strong></span> <span class='ocrx_word' id='word_1_269' title='bbox 1138 3360 1227 3423; x_wconf 79' lang='lat' dir='ltr'><strong>angulo</strong></span> <span class='ocrx_word' id='word_1_270' title='bbox 1240 3361 1265 3415; x_wconf 93' lang='lat' dir='ltr'>Q</span> <span class='ocrx_word' id='word_1_271' title='bbox 1276 3361 1298 3409; x_wconf 92' lang='lat' dir='ltr'>B</span> <span class='ocrx_word' id='word_1_272' title='bbox 1313 3361 1345 3418; x_wconf 87' lang='lat' dir='ltr'><strong>G,</strong></span> <span class='ocrx_word' id='word_1_273' title='bbox 1361 3361 1455 3408; x_wconf 79' lang='lat' dir='ltr'><strong>dabinrr</strong></span> <span class='ocrx_word' id='word_1_274' title='bbox 1464 3362 1570 3423; x_wconf 79' lang='lat' dir='ltr'><strong>angulus</strong></span> 
     </span>
     <span class='ocr_line' id='line_1_31' title="bbox 945 3422 1569 3487; baseline 0.003 -18"><span class='ocrx_word' id='word_1_275' title='bbox 945 3423 967 3469; x_wconf 95' lang='grc' dir='ltr'><strong>Β</strong></span> <span class='ocrx_word' id='word_1_276' title='bbox 981 3425 1007 3479; x_wconf 93' lang='lat' dir='ltr'>Q</span> <span class='ocrx_word' id='word_1_277' title='bbox 1018 3424 1040 3470; x_wconf 90' lang='lat' dir='ltr'><strong>G</strong></span> <span class='ocrx_word' id='word_1_278' title='bbox 1050 3439 1057 3479; x_wconf 78' lang='lat'>3</span> <span class='ocrx_word' id='word_1_279' title='bbox 1074 3422 1145 3484; x_wconf 75' lang='lat' dir='ltr'><strong>quare</strong></span> <span class='ocrx_word' id='word_1_280' title='bbox 1156 3424 1181 3469; x_wconf 92' lang='lat' dir='ltr'><strong>in</strong></span> <span class='ocrx_word' id='word_1_281' title='bbox 1192 3424 1309 3487; x_wconf 81' lang='lat' dir='ltr'><strong>triangulo</strong></span> <span class='ocrx_word' id='word_1_282' title='bbox 1320 3427 1343 3481; x_wconf 90' lang='lat' dir='ltr'>Q</span> <span class='ocrx_word' id='word_1_283' title='bbox 1356 3423 1378 3472; x_wconf 74' lang='lat' dir='ltr'><strong>F</strong></span> <span class='ocrx_word' id='word_1_284' title='bbox 1389 3425 1426 3482; x_wconf 87' lang='lat' dir='ltr'>H,</span> <span class='ocrx_word' id='word_1_285' title='bbox 1437 3424 1497 3471; x_wconf 79' lang='lat' dir='ltr'><strong>den‘s</strong></span> <span class='ocrx_word' id='word_1_286' title='bbox 1506 3425 1569 3472; x_wconf 89' lang='lat' dir='ltr'><strong>duo-</strong></span> 
     </span>
     <span class='ocr_line' id='line_1_32' title="bbox 943 3488 1567 3552; baseline 0.003 -17"><span class='ocrx_word' id='word_1_287' title='bbox 943 3488 1208 3549; x_wconf 75' lang='lat' dir='ltr'><strong>bueangulisQFH,</strong></span> <span class='ocrx_word' id='word_1_288' title='bbox 1228 3489 1485 3545; x_wconf 65' lang='lat' dir='ltr'><strong>rumunnense</strong></span> <span class='ocrx_word' id='word_1_289' title='bbox 1498 3490 1524 3543; x_wconf 90' lang='lat' dir='ltr'>Q</span> <span class='ocrx_word' id='word_1_290' title='bbox 1537 3490 1567 3552; x_wconf 78' lang='lat' dir='ltr'><strong>F,</strong></span> 
     </span>
     <span class='ocr_line' id='line_1_33' title="bbox 942 3551 1570 3612; baseline 0.003 -14"><span class='ocrx_word' id='word_1_291' title='bbox 942 3551 1006 3612; x_wconf 91' lang='lat' dir='ltr'><strong>quod</strong></span> <span class='ocrx_word' id='word_1_292' title='bbox 1022 3561 1056 3598; x_wconf 81' lang='lat' dir='ltr'><strong>est</strong></span> <span class='ocrx_word' id='word_1_293' title='bbox 1072 3566 1165 3598; x_wconf 76' lang='lat' dir='ltr'><strong>summe</strong></span> <span class='ocrx_word' id='word_1_294' title='bbox 1179 3551 1216 3600; x_wconf 80' lang='lat' dir='ltr'><strong>vel</strong></span> <span class='ocrx_word' id='word_1_295' title='bbox 1231 3551 1361 3600; x_wconf 83' lang='lat' dir='ltr'><strong>differentia</strong></span> <span class='ocrx_word' id='word_1_296' title='bbox 1374 3562 1490 3600; x_wconf 82' lang='lat' dir='ltr'><strong>rectamm</strong></span> <span class='ocrx_word' id='word_1_297' title='bbox 1500 3553 1570 3600; x_wconf 74' lang='lat' dir='ltr'><strong>duta-</strong></span> 
     </span>
     <span class='ocr_line' id='line_1_34' title="bbox 942 3615 1569 3672; baseline 0.003 -10"><span class='ocrx_word' id='word_1_298' title='bbox 942 3629 996 3662; x_wconf 85' lang='lat' dir='ltr'><strong>rum</strong></span> <span class='ocrx_word' id='word_1_299' title='bbox 1008 3615 1074 3672; x_wconf 84' lang='lat' dir='ltr'>QB,</span> <span class='ocrx_word' id='word_1_300' title='bbox 1089 3616 1143 3669; x_wconf 86' lang='lat' dir='ltr'><strong>QF</strong></span> <span class='ocrx_word' id='word_1_301' title='bbox 1153 3616 1280 3663; x_wconf 82' lang='lat' dir='ltr'><strong>innotescet</strong></span> <span class='ocrx_word' id='word_1_302' title='bbox 1290 3617 1351 3664; x_wconf 78' lang='lat' dir='ltr'><strong>latus</strong></span> <span class='ocrx_word' id='word_1_303' title='bbox 1363 3617 1389 3671; x_wconf 91' lang='lat' dir='ltr'>Q</span> <span class='ocrx_word' id='word_1_304' title='bbox 1398 3617 1433 3663; x_wconf 91' lang='lat' dir='ltr'>H.</span> <span class='ocrx_word' id='word_1_305' title='bbox 1459 3616 1569 3664; x_wconf 81' lang='lat' dir='ltr'><strong>Tandem</strong></span> 
     </span>
     <span class='ocr_line' id='line_1_35' title="bbox 942 3677 1568 3742; baseline 0.005 -19"><span class='ocrx_word' id='word_1_306' title='bbox 942 3678 968 3724; x_wconf 90' lang='lat' dir='ltr'><strong>in</strong></span> <span class='ocrx_word' id='word_1_307' title='bbox 979 3678 1097 3741; x_wconf 83' lang='lat' dir='ltr'><strong>triangulo</strong></span> <span class='ocrx_word' id='word_1_308' title='bbox 1109 3680 1135 3734; x_wconf 96' lang='lat' dir='ltr'><strong>Q</strong></span> <span class='ocrx_word' id='word_1_309' title='bbox 1146 3680 1173 3726; x_wconf 91' lang='lat' dir='ltr'>H</span> <span class='ocrx_word' id='word_1_310' title='bbox 1186 3681 1222 3734; x_wconf 89' lang='lat' dir='ltr'>M,</span> <span class='ocrx_word' id='word_1_311' title='bbox 1238 3679 1294 3727; x_wconf 82' lang='lat' dir='ltr'><strong>dato</strong></span> <span class='ocrx_word' id='word_1_312' title='bbox 1303 3677 1393 3741; x_wconf 80' lang='lat' dir='ltr'><strong>angulo</strong></span> <span class='ocrx_word' id='word_1_313' title='bbox 1405 3680 1432 3726; x_wconf 91' lang='lat' dir='ltr'>H</span> <span class='ocrx_word' id='word_1_314' title='bbox 1446 3681 1472 3735; x_wconf 96' lang='lat' dir='ltr'><strong>Q</strong></span> <span class='ocrx_word' id='word_1_315' title='bbox 1483 3681 1514 3726; x_wconf 87' lang='grc' dir='ltr'><em>Μ</em></span> <span class='ocrx_word' id='word_1_316' title='bbox 1524 3681 1568 3742; x_wconf 90' lang='lat' dir='ltr'><strong>qui</strong></span> 
     </span>
     <span class='ocr_line' id='line_1_36' title="bbox 942 3742 1567 3807; baseline 0.003 -19"><span class='ocrx_word' id='word_1_317' title='bbox 942 3750 978 3788; x_wconf 82' lang='lat' dir='ltr'><strong>est</strong></span> <span class='ocrx_word' id='word_1_318' title='bbox 993 3757 1085 3789; x_wconf 85' lang='lat' dir='ltr'><strong>summa</strong></span> <span class='ocrx_word' id='word_1_319' title='bbox 1101 3742 1138 3789; x_wconf 79' lang='lat' dir='ltr'><strong>vel</strong></span> <span class='ocrx_word' id='word_1_320' title='bbox 1153 3743 1283 3791; x_wconf 77' lang='lat' dir='ltr'><strong>differentia</strong></span> <span class='ocrx_word' id='word_1_321' title='bbox 1298 3754 1407 3790; x_wconf 86' lang='lat' dir='ltr'><strong>notorum</strong></span> <span class='ocrx_word' id='word_1_322' title='bbox 1423 3745 1567 3807; x_wconf 73' lang='lat' dir='ltr'><strong>angulorum</strong></span> 
     </span>
     <span class='ocr_line' id='line_1_37' title="bbox 945 3805 1566 3870; baseline 0.002 -17"><span class='ocrx_word' id='word_1_323' title='bbox 945 3805 1048 3861; x_wconf 87' lang='lat' dir='ltr'>BQA,</span> <span class='ocrx_word' id='word_1_324' title='bbox 1068 3807 1095 3853; x_wconf 90' lang='lat' dir='ltr'>H</span> <span class='ocrx_word' id='word_1_325' title='bbox 1110 3806 1388 3870; x_wconf 60' lang='lat' dir='ltr'><strong>emeatoqueangdo</strong></span> <span class='ocrx_word' id='word_1_326' title='bbox 1401 3809 1466 3863; x_wconf 88' lang='lat' dir='ltr'>QM</span> <span class='ocrx_word' id='word_1_327' title='bbox 1480 3809 1507 3855; x_wconf 91' lang='lat' dir='ltr'>H</span> <span class='ocrx_word' id='word_1_328' title='bbox 1523 3809 1566 3870; x_wconf 89' lang='lat' dir='ltr'><strong>qui</strong></span> 
     </span>
     <span class='ocr_line' id='line_1_38' title="bbox 942 3869 1568 3934; baseline 0.003 -18"><span class='ocrx_word' id='word_1_329' title='bbox 942 3869 1038 3931; x_wconf 66' lang='lat' dir='ltr'><strong>equalis</strong></span> <span class='ocrx_word' id='word_1_330' title='bbox 1048 3880 1083 3916; x_wconf 86' lang='lat' dir='ltr'><strong>est</strong></span> <span class='ocrx_word' id='word_1_331' title='bbox 1093 3871 1182 3934; x_wconf 79' lang='lat' dir='ltr'><strong>angulo</strong></span> <span class='ocrx_word' id='word_1_332' title='bbox 1192 3870 1246 3918; x_wconf 77' lang='lat' dir='ltr'><strong>dato</strong></span> <span class='ocrx_word' id='word_1_333' title='bbox 1262 3873 1288 3926; x_wconf 91' lang='lat' dir='ltr'>Q</span> <span class='ocrx_word' id='word_1_334' title='bbox 1300 3873 1322 3918; x_wconf 82' lang='lat' dir='ltr'>A</span> <span class='ocrx_word' id='word_1_335' title='bbox 1334 3873 1364 3929; x_wconf 89' lang='lat' dir='ltr'><strong>B,</strong></span> <span class='ocrx_word' id='word_1_336' title='bbox 1381 3871 1499 3934; x_wconf 82' lang='lat' dir='ltr'><strong>simulque</strong></span> <span class='ocrx_word' id='word_1_337' title='bbox 1509 3881 1568 3919; x_wconf 87' lang='lat' dir='ltr'><strong>noto</strong></span> 
     </span>
    </p>
   </div>
   <div class='ocr_carea' id='block_1_7' title="bbox 942 3933 1669 3994">
    <p class='ocr_par' dir='ltr' id='par_1_8' title="bbox 942 3933 1669 3994">
     <span class='ocr_line' id='line_1_39' title="bbox 942 3933 1669 3994; baseline 0.003 -14"><span class='ocrx_word' id='word_1_338' title='bbox 942 3933 1013 3980; x_wconf 82' lang='lat' dir='ltr'><strong>latere</strong></span> <span class='ocrx_word' id='word_1_339' title='bbox 1033 3935 1059 3988; x_wconf 90' lang='lat' dir='ltr'>Q</span> <span class='ocrx_word' id='word_1_340' title='bbox 1076 3935 1110 3991; x_wconf 87' lang='lat' dir='ltr'><strong>H,</strong></span> <span class='ocrx_word' id='word_1_341' title='bbox 1127 3935 1273 3982; x_wconf 70' lang='lat' dir='ltr'><strong>innotescent</strong></span> <span class='ocrx_word' id='word_1_342' title='bbox 1290 3936 1362 3982; x_wconf 78' lang='lat' dir='ltr'><strong>latere</strong></span> <span class='ocrx_word' id='word_1_343' title='bbox 1382 3936 1408 3981; x_wconf 88' lang='grc' dir='ltr'><strong>Η</strong></span> <span class='ocrx_word' id='word_1_344' title='bbox 1425 3936 1465 3994; x_wconf 88' lang='grc' dir='ltr'><strong>Μ,</strong></span> <span class='ocrx_word' id='word_1_345' title='bbox 1486 3937 1512 3990; x_wconf 89' lang='lat' dir='ltr'>Q</span> <span class='ocrx_word' id='word_1_346' title='bbox 1526 3936 1566 3982; x_wconf 79' lang='lat' dir='ltr'>M.</span> <span class='ocrx_word' id='word_1_347' title='bbox 1665 3977 1669 3988; x_wconf 95' lang='grc'>,</span> 
     </span>
    </p>
   </div>
   <div class='ocr_carea' id='block_1_8' title="bbox 278 3996 1571 4829">
    <p class='ocr_par' dir='ltr' id='par_1_9' title="bbox 278 3996 1571 4829">
     <span class='ocr_line' id='line_1_40' title="bbox 944 3996 1567 4058; baseline 0.003 -14"><span class='ocrx_word' id='word_1_348' title='bbox 944 3996 1020 4044; x_wconf 81' lang='lat' dir='ltr'><strong>Simili</strong></span> <span class='ocrx_word' id='word_1_349' title='bbox 1035 4013 1129 4058; x_wconf 80' lang='lat' dir='ltr'><strong>prorsus</strong></span> <span class='ocrx_word' id='word_1_350' title='bbox 1144 3999 1214 4044; x_wconf 88' lang='lat' dir='ltr'><strong>modo</strong></span> <span class='ocrx_word' id='word_1_351' title='bbox 1229 3999 1377 4047; x_wconf 79' lang='lat' dir='ltr'><strong>invenientur</strong></span> <span class='ocrx_word' id='word_1_352' title='bbox 1393 3999 1466 4046; x_wconf 79' lang='lat' dir='ltr'><strong>latera</strong></span> <span class='ocrx_word' id='word_1_353' title='bbox 1486 4000 1511 4046; x_wconf 86' lang='lat' dir='ltr'><strong>ll.</strong></span> <span class='ocrx_word' id='word_1_354' title='bbox 1531 3999 1567 4057; x_wconf 89' lang='lat' dir='ltr'><strong>K,</strong></span> 
     </span>
     <span class='ocr_line' id='line_1_41' title="bbox 944 4059 1567 4126; baseline 0.003 -18"><span class='ocrx_word' id='word_1_355' title='bbox 944 4060 972 4108; x_wconf 97' lang='lat' dir='ltr'>H</span> <span class='ocrx_word' id='word_1_356' title='bbox 986 4061 1020 4118; x_wconf 92' lang='lat' dir='ltr'><strong>K,</strong></span> <span class='ocrx_word' id='word_1_357' title='bbox 1036 4059 1061 4106; x_wconf 87' lang='lat' dir='ltr'><strong>in</strong></span> <span class='ocrx_word' id='word_1_358' title='bbox 1078 4062 1197 4125; x_wconf 80' lang='lat' dir='ltr'><strong>triangulo</strong></span> <span class='ocrx_word' id='word_1_359' title='bbox 1214 4062 1239 4110; x_wconf 89' lang='lat' dir='ltr'><strong>R</strong></span> <span class='ocrx_word' id='word_1_360' title='bbox 1252 4063 1277 4109; x_wconf 91' lang='lat' dir='ltr'>K</span> <span class='ocrx_word' id='word_1_361' title='bbox 1290 4063 1325 4110; x_wconf 88' lang='grc' dir='ltr'><strong>Η.</strong></span> <span class='ocrx_word' id='word_1_362' title='bbox 1361 4063 1440 4126; x_wconf 71' lang='lat' dir='ltr'><strong>Igitur</strong></span> <span class='ocrx_word' id='word_1_363' title='bbox 1455 4063 1481 4109; x_wconf 91' lang='lat' dir='ltr'><strong>in</strong></span> <span class='ocrx_word' id='word_1_364' title='bbox 1492 4063 1567 4110; x_wconf 77' lang='lat' dir='ltr'><strong>nian-</strong></span> 
     </span>
     <span class='ocr_line' id='line_1_42' title="bbox 942 4124 1568 4187; baseline 0.006 -17"><span class='ocrx_word' id='word_1_365' title='bbox 942 4124 1000 4187; x_wconf 73' lang='lat' dir='ltr'><strong>gulo</strong></span> <span class='ocrx_word' id='word_1_366' title='bbox 1017 4124 1046 4170; x_wconf 92' lang='lat' dir='ltr'>M</span> <span class='ocrx_word' id='word_1_367' title='bbox 1060 4125 1086 4171; x_wconf 89' lang='lat' dir='ltr'>H</span> <span class='ocrx_word' id='word_1_368' title='bbox 1099 4125 1133 4183; x_wconf 85' lang='lat' dir='ltr'><strong>K,</strong></span> <span class='ocrx_word' id='word_1_369' title='bbox 1150 4125 1210 4172; x_wconf 79' lang='lat' dir='ltr'><strong>notia</strong></span> <span class='ocrx_word' id='word_1_370' title='bbox 1227 4125 1335 4174; x_wconf 69' lang='lat' dir='ltr'><strong>lateribus</strong></span> <span class='ocrx_word' id='word_1_371' title='bbox 1352 4127 1379 4174; x_wconf 90' lang='lat' dir='ltr'>H</span> <span class='ocrx_word' id='word_1_372' title='bbox 1392 4127 1430 4183; x_wconf 91' lang='lat' dir='ltr'><strong>M,</strong></span> <span class='ocrx_word' id='word_1_373' title='bbox 1449 4127 1477 4173; x_wconf 91' lang='lat' dir='ltr'>H</span> <span class='ocrx_word' id='word_1_374' title='bbox 1491 4127 1525 4183; x_wconf 78' lang='lat' dir='ltr'><strong>R,</strong></span> <span class='ocrx_word' id='word_1_375' title='bbox 1542 4136 1568 4174; x_wconf 84' lang='lat' dir='ltr'><strong>et</strong></span> 
     </span>
     <span class='ocr_line' id='line_1_43' title="bbox 942 4187 1568 4254; baseline 0.002 -18"><span class='ocrx_word' id='word_1_376' title='bbox 942 4187 1031 4250; x_wconf 78' lang='lat' dir='ltr'><strong>angulo</strong></span> <span class='ocrx_word' id='word_1_377' title='bbox 1041 4187 1170 4249; x_wconf 85' lang='lat' dir='ltr'><strong>intercepto</strong></span> <span class='ocrx_word' id='word_1_378' title='bbox 1187 4187 1215 4236; x_wconf 87' lang='grc' dir='ltr'><strong>Μ</strong></span> <span class='ocrx_word' id='word_1_379' title='bbox 1228 4189 1255 4236; x_wconf 91' lang='grc' dir='ltr'><strong>Η</strong></span> <span class='ocrx_word' id='word_1_380' title='bbox 1269 4190 1303 4248; x_wconf 86' lang='lat' dir='ltr'><strong>K,</strong></span> <span class='ocrx_word' id='word_1_381' title='bbox 1318 4191 1360 4254; x_wconf 89' lang='lat' dir='ltr'><strong>qui</strong></span> <span class='ocrx_word' id='word_1_382' title='bbox 1370 4190 1466 4252; x_wconf 71' lang='lat' dir='ltr'><strong>equalis</strong></span> <span class='ocrx_word' id='word_1_383' title='bbox 1475 4199 1511 4237; x_wconf 80' lang='lat' dir='ltr'><strong>est</strong></span> <span class='ocrx_word' id='word_1_384' title='bbox 1523 4205 1568 4237; x_wconf 77' lang='lat' dir='ltr'><strong>au·</strong></span> 
     </span>
     <span class='ocr_line' id='line_1_44' title="bbox 943 4251 1568 4316; baseline 0.003 -18"><span class='ocrx_word' id='word_1_385' title='bbox 943 4252 1001 4316; x_wconf 79' lang='lat' dir='ltr'><strong>gulo</strong></span> <span class='ocrx_word' id='word_1_386' title='bbox 1010 4251 1065 4298; x_wconf 82' lang='lat' dir='ltr'><strong>dato</strong></span> <span class='ocrx_word' id='word_1_387' title='bbox 1077 4254 1100 4300; x_wconf 90' lang='lat' dir='ltr'>A</span> <span class='ocrx_word' id='word_1_388' title='bbox 1113 4254 1135 4300; x_wconf 90' lang='grc' dir='ltr'>Β</span> <span class='ocrx_word' id='word_1_389' title='bbox 1149 4253 1179 4308; x_wconf 87' lang='lat' dir='ltr'>Q.</span> <span class='ocrx_word' id='word_1_390' title='bbox 1195 4252 1339 4301; x_wconf 77' lang='lat' dir='ltr'><strong>innotescent</strong></span> <span class='ocrx_word' id='word_1_391' title='bbox 1349 4253 1431 4316; x_wconf 78' lang='lat' dir='ltr'><strong>anguli</strong></span> <span class='ocrx_word' id='word_1_392' title='bbox 1448 4254 1476 4300; x_wconf 88' lang='lat' dir='ltr'>H</span> <span class='ocrx_word' id='word_1_393' title='bbox 1489 4255 1519 4300; x_wconf 90' lang='lat' dir='ltr'>M</span> <span class='ocrx_word' id='word_1_394' title='bbox 1531 4251 1568 4310; x_wconf 86' lang='lat' dir='ltr'><strong>K,</strong></span> 
     </span>
     <span class='ocr_line' id='line_1_45' title="bbox 942 4316 1569 4380; baseline 0.003 -18"><span class='ocrx_word' id='word_1_395' title='bbox 942 4316 1053 4364; x_wconf 87' lang='lat' dir='ltr'><strong>HKM</strong></span> <span class='ocrx_word' id='word_1_396' title='bbox 1070 4317 1169 4364; x_wconf 75' lang='lat' dir='ltr'><strong>etbesis</strong></span> <span class='ocrx_word' id='word_1_397' title='bbox 1186 4317 1262 4365; x_wconf 87' lang='lat' dir='ltr'>MK.</span> <span class='ocrx_word' id='word_1_398' title='bbox 1298 4318 1569 4380; x_wconf 73' lang='lat' dir='ltr'><strong>Dedaeutemangulis</strong></span> 
     </span>
     <span class='ocr_line' id='line_1_46' title="bbox 945 4379 1569 4437; baseline 0.002 -10"><span class='ocrx_word' id='word_1_399' title='bbox 945 4380 974 4427; x_wconf 91' lang='lat' dir='ltr'>H</span> <span class='ocrx_word' id='word_1_400' title='bbox 986 4381 1016 4427; x_wconf 87' lang='lat' dir='ltr'>M</span> <span class='ocrx_word' id='word_1_401' title='bbox 1029 4383 1061 4437; x_wconf 83' lang='lat' dir='ltr'><strong>Q,</strong></span> <span class='ocrx_word' id='word_1_402' title='bbox 1079 4380 1107 4428; x_wconf 89' lang='lat' dir='ltr'>H</span> <span class='ocrx_word' id='word_1_403' title='bbox 1120 4381 1151 4427; x_wconf 99' lang='lat' dir='ltr'>M</span> <span class='ocrx_word' id='word_1_404' title='bbox 1163 4380 1196 4434; x_wconf 89' lang='lat' dir='ltr'><strong>K,</strong></span> <span class='ocrx_word' id='word_1_405' title='bbox 1214 4379 1307 4428; x_wconf 77' lang='lat' dir='ltr'><strong>debitur</strong></span> <span class='ocrx_word' id='word_1_406' title='bbox 1321 4383 1406 4429; x_wconf 84' lang='lat' dir='ltr'><strong>horum</strong></span> <span class='ocrx_word' id='word_1_407' title='bbox 1422 4396 1515 4428; x_wconf 77' lang='lat' dir='ltr'><strong>summe</strong></span> <span class='ocrx_word' id='word_1_408' title='bbox 1529 4381 1569 4428; x_wconf 85' lang='lat' dir='ltr'><strong>vel</strong></span> 
     </span>
     <span class='ocr_line' id='line_1_47' title="bbox 285 4443 1569 4504; baseline -0.002 -10"><span class='ocrx_word' id='word_1_409' title='bbox 285 4445 309 4494; x_wconf 92' lang='grc'>0</span> <span class='ocrx_word' id='word_1_410' title='bbox 321 4445 356 4502; x_wconf 84' lang='lat' dir='ltr'><strong>N,</strong></span> <span class='ocrx_word' id='word_1_411' title='bbox 373 4445 398 4492; x_wconf 88' lang='lat' dir='ltr'>N</span> <span class='ocrx_word' id='word_1_412' title='bbox 411 4445 445 4502; x_wconf 87' lang='lat' dir='ltr'><strong>K,</strong></span> <span class='ocrx_word' id='word_1_413' title='bbox 461 4455 517 4494; x_wconf 79' lang='lat' dir='ltr'><strong>sunt</strong></span> <span class='ocrx_word' id='word_1_414' title='bbox 530 4445 556 4494; x_wconf 93' lang='lat' dir='ltr'><strong>in</strong></span> <span class='ocrx_word' id='word_1_415' title='bbox 572 4443 655 4494; x_wconf 76' lang='lat' dir='ltr'><strong>eidem</strong></span> <span class='ocrx_word' id='word_1_416' title='bbox 664 4445 754 4494; x_wconf 76' lang='lat' dir='ltr'><strong>ratione</strong></span> <span class='ocrx_word' id='word_1_417' title='bbox 764 4461 818 4494; x_wconf 87' lang='lat' dir='ltr'><strong>eum</strong></span> <span class='ocrx_word' id='word_1_418' title='bbox 830 4447 904 4495; x_wconf 82' lang='lat' dir='ltr'><strong>tribue</strong></span> <span class='ocrx_word' id='word_1_419' title='bbox 944 4443 1074 4494; x_wconf 78' lang='lat' dir='ltr'><strong>differentia</strong></span> <span class='ocrx_word' id='word_1_420' title='bbox 1086 4446 1112 4499; x_wconf 90' lang='lat' dir='ltr'>Q</span> <span class='ocrx_word' id='word_1_421' title='bbox 1122 4445 1152 4492; x_wconf 93' lang='lat' dir='ltr'>M</span> <span class='ocrx_word' id='word_1_422' title='bbox 1165 4445 1198 4501; x_wconf 91' lang='lat' dir='ltr'><strong>K,</strong></span> <span class='ocrx_word' id='word_1_423' title='bbox 1215 4445 1260 4491; x_wconf 84' lang='lat' dir='ltr'><strong>hoc</strong></span> <span class='ocrx_word' id='word_1_424' title='bbox 1269 4454 1304 4492; x_wconf 83' lang='lat' dir='ltr'><strong>est</strong></span> <span class='ocrx_word' id='word_1_425' title='bbox 1314 4445 1398 4504; x_wconf 78' lang='lat' dir='ltr'><strong>positio</strong></span> <span class='ocrx_word' id='word_1_426' title='bbox 1407 4455 1478 4493; x_wconf 66' lang='lat' dir='ltr'><strong>rene</strong></span> <span class='ocrx_word' id='word_1_427' title='bbox 1489 4446 1518 4492; x_wconf 90' lang='lat' dir='ltr'>M</span> <span class='ocrx_word' id='word_1_428' title='bbox 1531 4445 1569 4501; x_wconf 83' lang='lat' dir='ltr'><strong>K,</strong></span> 
     </span>
     <span class='ocr_line' id='line_1_48' title="bbox 280 4507 1571 4572; baseline -0.002 -16"><span class='ocrx_word' id='word_1_429' title='bbox 280 4507 449 4571; x_wconf 64' lang='lat' dir='ltr'><strong>quantitatibus</strong></span> <span class='ocrx_word' id='word_1_430' title='bbox 458 4524 491 4565; x_wconf 89' lang='lat' dir='ltr'><strong>m,</strong></span> <span class='ocrx_word' id='word_1_431' title='bbox 502 4525 527 4566; x_wconf 90' lang='lat' dir='ltr'><strong>n,</strong></span> <span class='ocrx_word' id='word_1_432' title='bbox 537 4525 556 4556; x_wconf 88' lang='lat' dir='ltr'><strong>r.</strong></span> <span class='ocrx_word' id='word_1_433' title='bbox 592 4511 661 4558; x_wconf 88' lang='lat' dir='ltr'><strong>ldem</strong></span> <span class='ocrx_word' id='word_1_434' title='bbox 671 4509 698 4558; x_wconf 85' lang='lat' dir='ltr'><strong>fit</strong></span> <span class='ocrx_word' id='word_1_435' title='bbox 708 4510 904 4572; x_wconf 73' lang='lat' dir='ltr'><strong>otgonomontce.</strong></span> <span class='ocrx_word' id='word_1_436' title='bbox 944 4511 975 4555; x_wconf 89' lang='lat' dir='ltr'><strong>ob</strong></span> <span class='ocrx_word' id='word_1_437' title='bbox 985 4519 1070 4556; x_wconf 80' lang='lat' dir='ltr'><strong>rectam</strong></span> <span class='ocrx_word' id='word_1_438' title='bbox 1083 4510 1109 4563; x_wconf 92' lang='lat' dir='ltr'>Q</span> <span class='ocrx_word' id='word_1_439' title='bbox 1117 4509 1154 4563; x_wconf 90' lang='lat' dir='ltr'><strong>M,</strong></span> <span class='ocrx_word' id='word_1_440' title='bbox 1165 4507 1279 4568; x_wconf 83' lang='lat' dir='ltr'><strong>positione</strong></span> <span class='ocrx_word' id='word_1_441' title='bbox 1289 4510 1373 4556; x_wconf 77' lang='lat' dir='ltr'><strong>datam.</strong></span> <span class='ocrx_word' id='word_1_442' title='bbox 1409 4509 1486 4556; x_wconf 83' lang='lat' dir='ltr'><strong>Simili</strong></span> <span class='ocrx_word' id='word_1_443' title='bbox 1495 4508 1571 4555; x_wconf 90' lang='lat' dir='ltr'><strong>modo</strong></span> 
     </span>
     <span class='ocr_line' id='line_1_49' title="bbox 281 4571 1570 4634; baseline -0.002 -12"><span class='ocrx_word' id='word_1_444' title='bbox 281 4573 346 4622; x_wconf 83' lang='lat' dir='ltr'><strong>Nam</strong></span> <span class='ocrx_word' id='word_1_445' title='bbox 363 4580 477 4620; x_wconf 78' lang='lat' dir='ltr'><strong>rectorum</strong></span> <span class='ocrx_word' id='word_1_446' title='bbox 495 4584 594 4634; x_wconf 85' lang='lat' dir='ltr'><strong>quatuor</strong></span> <span class='ocrx_word' id='word_1_447' title='bbox 610 4572 716 4621; x_wconf 82' lang='lat' dir='ltr'><strong>datorum</strong></span> <span class='ocrx_word' id='word_1_448' title='bbox 738 4575 763 4630; x_wconf 90' lang='lat' dir='ltr'>Q</span> <span class='ocrx_word' id='word_1_449' title='bbox 783 4574 814 4631; x_wconf 88' lang='lat' dir='ltr'><strong>A,</strong></span> <span class='ocrx_word' id='word_1_450' title='bbox 832 4575 858 4629; x_wconf 87' lang='lat' dir='ltr'>Q</span> <span class='ocrx_word' id='word_1_451' title='bbox 871 4576 902 4631; x_wconf 91' lang='lat' dir='ltr'><strong>B,</strong></span> <span class='ocrx_word' id='word_1_452' title='bbox 944 4581 1013 4620; x_wconf 66' lang='lat' dir='ltr'><strong>recte</strong></span> <span class='ocrx_word' id='word_1_453' title='bbox 1030 4573 1101 4629; x_wconf 63' lang='grc' dir='ltr'><strong>ΩΟ,Ι</strong></span> <span class='ocrx_word' id='word_1_454' title='bbox 1118 4573 1186 4627; x_wconf 80' lang='lat' dir='ltr'><strong>RN,</strong></span> <span class='ocrx_word' id='word_1_455' title='bbox 1206 4573 1230 4619; x_wconf 86' lang='lat' dir='ltr'><strong>R.</strong></span> <span class='ocrx_word' id='word_1_456' title='bbox 1242 4573 1268 4620; x_wconf 87' lang='lat' dir='ltr'><strong>K</strong></span> <span class='ocrx_word' id='word_1_457' title='bbox 1284 4582 1309 4619; x_wconf 89' lang='lat' dir='ltr'><strong>et</strong></span> <span class='ocrx_word' id='word_1_458' title='bbox 1324 4573 1405 4634; x_wconf 77' lang='lat' dir='ltr'><strong>anguli</strong></span> <span class='ocrx_word' id='word_1_459' title='bbox 1421 4588 1481 4634; x_wconf 84' lang='lat' dir='ltr'><strong>quos</strong></span> <span class='ocrx_word' id='word_1_460' title='bbox 1498 4573 1526 4619; x_wconf 92' lang='lat' dir='ltr'>M</span> <span class='ocrx_word' id='word_1_461' title='bbox 1541 4571 1570 4620; x_wconf 83' lang='lat' dir='ltr'>K</span> 
     </span>
     <span class='ocr_line' id='line_1_50' title="bbox 282 4634 1569 4699; baseline 0.001 -14"><span class='ocrx_word' id='word_1_462' title='bbox 282 4637 306 4684; x_wconf 89' lang='lat' dir='ltr'><strong>R</strong></span> <span class='ocrx_word' id='word_1_463' title='bbox 319 4638 349 4693; x_wconf 94' lang='lat' dir='ltr'><strong>B,</strong></span> <span class='ocrx_word' id='word_1_464' title='bbox 365 4637 430 4692; x_wconf 88' lang='lat' dir='ltr'><strong>RD,</strong></span> <span class='ocrx_word' id='word_1_465' title='bbox 443 4634 528 4681; x_wconf 78' lang='lat' dir='ltr'><strong>dentur</strong></span> <span class='ocrx_word' id='word_1_466' title='bbox 538 4635 709 4685; x_wconf 81' lang='lat' dir='ltr'><strong>intersectiooes</strong></span> <span class='ocrx_word' id='word_1_467' title='bbox 719 4653 801 4685; x_wconf 87' lang='lat' dir='ltr'><strong>omnes</strong></span> <span class='ocrx_word' id='word_1_468' title='bbox 811 4654 837 4685; x_wconf 80' lang='lat' dir='ltr'><strong>ae</strong></span> <span class='ocrx_word' id='word_1_469' title='bbox 848 4653 904 4699; x_wconf 85' lang='lat' dir='ltr'><strong>pro·</strong></span> <span class='ocrx_word' id='word_1_470' title='bbox 944 4651 999 4683; x_wconf 84' lang='lat' dir='ltr'><strong>cum</strong></span> <span class='ocrx_word' id='word_1_471' title='bbox 1006 4636 1116 4684; x_wconf 78' lang='lat' dir='ltr'><strong>hisrectis</strong></span> <span class='ocrx_word' id='word_1_472' title='bbox 1123 4637 1199 4687; x_wconf 80' lang='lat' dir='ltr'><strong>efficit,</strong></span> <span class='ocrx_word' id='word_1_473' title='bbox 1209 4635 1569 4699; x_wconf 78' lang='lat' dir='ltr'><strong>trigonometriceinveniuntur.</strong></span> 
     </span>
     <span class='ocr_line' id='line_1_51' title="bbox 278 4699 1440 4763; baseline 0.003 -16"><span class='ocrx_word' id='word_1_474' title='bbox 278 4701 334 4748; x_wconf 68' lang='lat' dir='ltr'><strong>inde</strong></span> <span class='ocrx_word' id='word_1_475' title='bbox 348 4709 416 4748; x_wconf 81' lang='lat' dir='ltr'><strong>rectae</strong></span> <span class='ocrx_word' id='word_1_476' title='bbox 434 4699 459 4755; x_wconf 83' lang='lat' dir='ltr'><strong>Q</strong></span> <span class='ocrx_word' id='word_1_477' title='bbox 471 4699 501 4755; x_wconf 90' lang='grc' dir='ltr'><strong>Β,</strong></span> <span class='ocrx_word' id='word_1_478' title='bbox 516 4699 540 4746; x_wconf 89' lang='grc' dir='ltr'><strong>Ι)</strong></span> <span class='ocrx_word' id='word_1_479' title='bbox 554 4699 583 4754; x_wconf 90' lang='lat' dir='ltr'><strong>B,</strong></span> <span class='ocrx_word' id='word_1_480' title='bbox 598 4701 622 4746; x_wconf 87' lang='lat' dir='ltr'><strong>R</strong></span> <span class='ocrx_word' id='word_1_481' title='bbox 635 4701 664 4754; x_wconf 89' lang='lat' dir='ltr'><strong>B,</strong></span> <span class='ocrx_word' id='word_1_482' title='bbox 679 4702 701 4748; x_wconf 95' lang='grc' dir='ltr'><strong>Β</strong></span> <span class='ocrx_word' id='word_1_483' title='bbox 715 4704 745 4757; x_wconf 87' lang='lat' dir='ltr'><strong>A,</strong></span> <span class='ocrx_word' id='word_1_484' title='bbox 760 4703 784 4749; x_wconf 78' lang='lat' dir='ltr'><strong>n</strong></span> <span class='ocrx_word' id='word_1_485' title='bbox 797 4703 830 4759; x_wconf 90' lang='lat' dir='ltr'><strong>D,</strong></span> <span class='ocrx_word' id='word_1_486' title='bbox 847 4712 904 4748; x_wconf 80' lang='lat' dir='ltr'><strong>sunt</strong></span> <span class='ocrx_word' id='word_1_487' title='bbox 977 4699 1012 4763; x_wconf 84' lang='lat'><strong>(¹)</strong></span> <span class='ocrx_word' id='word_1_488' title='bbox 1025 4705 1038 4731; x_wconf 75' lang='lat'><strong>¹*</strong></span> <span class='ocrx_word' id='word_1_489' title='bbox 1051 4705 1216 4760; x_wconf 77' lang='lat' dir='ltr'><strong>Agatur-recto</strong></span> <span class='ocrx_word' id='word_1_490' title='bbox 1229 4705 1252 4748; x_wconf 80' lang='lat' dir='ltr'><em>A</em></span> <span class='ocrx_word' id='word_1_491' title='bbox 1262 4703 1287 4748; x_wconf 87' lang='lat' dir='ltr'><em>B</em></span> <span class='ocrx_word' id='word_1_492' title='bbox 1300 4704 1324 4749; x_wconf 82' lang='lat' dir='ltr'><strong>C·</strong></span> <span class='ocrx_word' id='word_1_493' title='bbox 1358 4701 1440 4762; x_wconf 71' lang='lat'><em>(129.)</em></span> 
     </span>
     <span class='ocr_line' id='line_1_52' title="bbox 278 4761 1392 4829; baseline 0 -18"><span class='ocrx_word' id='word_1_494' title='bbox 278 4764 442 4828; x_wconf 75' lang='lat' dir='ltr'><strong>magnitudine</strong></span> <span class='ocrx_word' id='word_1_495' title='bbox 452 4762 519 4812; x_wconf 80' lang='lat' dir='ltr'><strong>dstoe.</strong></span> <span class='ocrx_word' id='word_1_496' title='bbox 551 4761 667 4810; x_wconf 73' lang='lat' dir='ltr'><strong>Praeterei</strong></span> <span class='ocrx_word' id='word_1_497' title='bbox 675 4763 838 4814; x_wconf 86' lang='lat' dir='ltr'><strong>danturetiam</strong></span> <span class='ocrx_word' id='word_1_498' title='bbox 851 4767 873 4813; x_wconf 86' lang='lat' dir='ltr'>B</span> <span class='ocrx_word' id='word_1_499' title='bbox 884 4766 904 4814; x_wconf 85' lang='lat' dir='ltr'>F</span> <span class='ocrx_word' id='word_1_500' title='bbox 976 4764 1011 4829; x_wconf 67' lang='lat' dir='ltr'><strong>(l)</strong></span> <span class='ocrx_word' id='word_1_501' title='bbox 1024 4768 1038 4797; x_wconf 72' lang='lat'>⁸</span> <span class='ocrx_word' id='word_1_502' title='bbox 1055 4767 1095 4820; x_wconf 81' lang='lat' dir='ltr'><strong>Uti</strong></span> <span class='ocrx_word' id='word_1_503' title='bbox 1105 4764 1170 4813; x_wconf 71' lang='lat' dir='ltr'><strong>nott</strong></span> <span class='ocrx_word' id='word_1_504' title='bbox 1181 4767 1277 4828; x_wconf 71' lang='lat' dir='ltr'><strong>expanti·</strong></span> <span class='ocrx_word' id='word_1_505' title='bbox 1309 4764 1392 4829; x_wconf 79' lang='lat'><strong>(128.)</strong></span> 
     </span>
    </p>
   </div>
   <div class='ocr_carea' id='block_1_9' title="bbox 0 0 1700 5675">
    <p class='ocr_par' dir='ltr' id='par_1_10' title="bbox 0 0 1700 5675">
     <span class='ocr_line' id='line_1_53' title="bbox 0 0 1700 5675; baseline 0 1"><span class='ocrx_word' id='word_1_506' title='bbox 0 0 1700 5675; x_wconf 95' lang='lat' dir='ltr'><strong> </strong></span> 
     </span>
    </p>
   </div>
  </div>
 </body>
</html>
