3392 5675
263 453 326 509 138
527 526 531 543 Ι
565 440 905 509 PHILOSOPHIAE
928 440 1201 507 NATURALIS
1230 439 1435 520 [DuMuuu.
1449 439 1547 503 Suar.

776 713 949 779 LEMMA
970 714 1031 779 VI.

263 888 317 951 Ea
336 886 496 949 obseruatis
516 886 632 968 aliquot
652 887 724 949 locis
744 894 862 947 cornetae
883 888 1019 948 inuenire
1039 887 1131 947 huam
1152 884 1213 967 ejus
1234 886 1278 947 od
1297 894 1408 967 tempus
1422 887 1547 967 quodvis

735 994 941 1055 intermedium
956 994 1067 1057 dotum.
1339 1006 1346 1015 “

306 1181 482 1266 Designent
504 1178 540 1242 H
561 1179 589 1257 I,
612 1178 629 1241 I
645 1177 688 1254 K,
714 1177 747 1240 K
761 1177 801 1255 L,
825 1178 855 1241 L
871 1178 910 1242 M
932 1190 1073 1263 tempore
1093 1180 1174 1242 inter
1195 1178 1426 1242 observationes
1449 1179 1487 1242 H
1503 1179 1545 1257 A,

264 1290 282 1353 Ι
301 1288 340 1365 Β,
365 1288 397 1349 Κ
415 1288 451 1363 C,
476 1286 505 1350 L
526 1286 570 1363 D,
596 1285 635 1348 M
658 1284 687 1349 E
708 1285 887 1351 observatus
908 1286 1045 1371 quinque
1066 1286 1275 1377 longitudines
1297 1300 1436 1363 oometae,
1460 1288 1498 1351 H
1522 1290 1547 1351 S

349 1520 490 1584 bah
556 1519 612 1584 ssb
676 1519 732 1582 ib
801 1519 857 1583 ab

423 1699 557 1755 cic
615 1699 667 1754 dc
730 1700 783 1755 ic

469 1861 735 1926 dadad

546 2042 658 2097 eie

596 2203 615 2263 f

263 2448 387 2518 tempus
414 2435 521 2498 datum
542 2434 623 2498 inter
645 2434 891 2499 observationem
913 2434 1046 2519 primam
1071 2446 1103 2498 et
1126 2433 1356 2521 longitudinem
1378 2432 1549 2519 quaesitam.

265 2540 308 2608 Et
337 2542 362 2603 si
390 2562 448 2624 per
475 2552 592 2624 puncta
620 2541 662 2618 A,
690 2542 729 2618 Β,
756 2542 794 2619 C,
821 2542 866 2617 D,
895 2541 924 2605 E
953 2540 1026 2604 duci
1053 2539 1245 2627 intelligatur
1273 2560 1368 2603 curva
1396 2538 1549 2625 regularis

266 2650 342 2713 ΑΒ
359 2648 387 2713 C
402 2649 436 2713 D
453 2648 501 2725 Ε;
518 2662 549 2713 et
561 2670 619 2732 per
635 2647 767 2713 Lemma
782 2650 924 2732 superius
944 2648 1119 2713 inveniatur
1132 2648 1201 2734 ejus
1216 2646 1382 2711 ordinatim
1397 2645 1553 2730 applicate

267 2756 298 2820 R
315 2756 347 2832 S,
366 2756 426 2819 erit
442 2754 473 2818 R
490 2754 689 2843 Slongitudo
704 2755 843 2841 quaesitu.

308 2862 430 2926 Eidem
452 2861 601 2926 methodo
622 2885 663 2928 ex
677 2861 847 2928 observetis
862 2861 1000 2947 quinque
1018 2857 1232 2926 latitudinibus
1251 2855 1406 2922 iuvenitur
1418 2855 1553 2924 latitudo

267 2968 307 3033 ad
322 2979 443 3051 tempus
458 2966 574 3030 datum.

307 3075 345 3160 (¹)
364 3075 397 3140 si
412 3074 642 3162 longitudinum
656 3063 886 3142 observaturum
902 3097 1008 3160 parvae
1023 3076 1085 3138 sint
1099 3073 1291 3166 differentiae,
1307 3069 1383 3160 puti
1396 3071 1554 3158 graduum

152 3232 154 3236 -
263 3192 419 3247 tentumi
436 3182 485 3246 vel
501 3191 539 3258 53
556 3181 732 3245 suffecerint
746 3183 978 3246 observationes
991 3193 1054 3246 tres
1069 3181 1118 3243 vel
1133 3192 1266 3265 quatuor
1279 3179 1321 3242 ad
1334 3179 1553 3255 inveniendum

263 3289 493 3376 longitudinem
513 3303 545 3354 et
565 3289 761 3354 latitudinem
781 3312 904 3355 novam.
951 3290 1008 3355 Sin
1027 3290 1160 3373 majores
1179 3288 1242 3354 siut
1262 3285 1454 3365 differentiae,
1476 3286 1556 3372 poti

263 3397 419 3485 graduum
437 3407 476 3462 10
491 3398 541 3462 vel
556 3405 609 3477 20,
626 3398 787 3464 debebunt
801 3398 1031 3464 observationes
1046 3399 1182 3484 quinque
1195 3397 1346 3461 adhiberi.

306 3632 342 3698 (¹)
365 3635 418 3682 157.
443 3636 456 3664 ⁸
479 3636 506 3683 Si
525 3635 697 3696 longitudinum
715 3639 893 3694 hiematurum,
925 3637 1004 3698 plures
1022 3635 1191 3685 observationes
1207 3644 1232 3684 et
1248 3637 1381 3698 pmbolum
1395 3635 1499 3698 plurium
1515 3633 1555 3680 di·

278 3706 340 3758 petet
357 3711 398 3758 per
416 3705 465 3744 not.
486 3697 513 3744 in
534 3699 588 3746 Cor.
604 3698 729 3762 prim).
764 3701 895 3749 Methodue
924 3701 1081 3757 mensionum,
1097 3701 1135 3748 vel
1150 3700 1427 3760 permaobsemtioues
1436 3699 1554 3746 duntaxat

353 3760 396 3808 atis
411 3761 567 3820 precedentis,
583 3777 637 3823 quae
652 3763 776 3810 methodus
791 3765 893 3825 interpo-
925 3774 950 3812 et
964 3764 1096 3826 pennulam
1106 3764 1220 3822 mnium,
1237 3765 1274 3812 uti
1284 3764 1339 3812 feeit
1350 3763 1467 3812 Hdleius.
1503 3762 1554 3808 Ve-

265 3825 379 3872 lstionum
394 3825 441 3872 dici
456 3825 522 3884 solet,
539 3826 564 3872 in
580 3828 649 3873 rebus
664 3826 823 3874 astronomicis
833 3842 891 3874 usus
922 3827 978 3875 rhun
994 3829 1021 3874 in
1034 3842 1183 3891 quocumque
1201 3843 1257 3876 cusu
1274 3829 1410 3876 adhibeatur
1427 3825 1555 3886 interpola·

265 3890 349 3937 habere
364 3897 439 3949 potest
455 3889 560 3936 eximios.
596 3889 668 3937 Hanc
678 3889 815 3938 methodum
825 3891 891 3938 adhi-
923 3892 1017 3940 donum
1025 3890 1157 3947 meuotus.
1172 3901 1263 3953 oportet
1273 3891 1414 3940 differentiae
1424 3890 1555 3938 observem

265 3953 316 4000 buit
327 3952 412 4000 clariss.
424 3953 609 4000 MeienrsTom.
621 3953 658 4000 11.
672 3954 803 4002 Comment.
817 3955 892 4002 Acad.
924 3955 1062 4002 eensrhiliter
1077 3955 1176 4017 majores
1195 3971 1245 4003 esee
1263 3955 1377 4002 erronhus
1392 3954 1433 4016 qui
1454 3954 1479 4000 in
1500 3950 1553 4012 ipsi

268 4017 386 4076 Petropol.
394 4017 594 4078 edlnvestigenda
600 4017 754 4066 solstitiorum
761 4019 891 4067 Memento.
925 4018 1082 4068 modone
1091 4018 1206 4066 oommitti
1221 4028 1324 4079 possum.
1341 4016 1386 4066 hie
1396 4027 1474 4065 eutem
1485 4016 1554 4064 edhi-

268 4079 336 4130 ciret
351 4089 444 4141 tempus
460 4080 551 4128 solstitii
566 4083 716 4130 observentur
731 4082 815 4144 aliquae
834 4083 895 4130 Solis
926 4081 974 4129 biti
991 4082 1055 4140 euri,
1072 4083 1127 4130 setis
1147 4092 1253 4130 accurate
1274 4081 1421 4130 determinari
1441 4089 1554 4142 poterunt

266 4142 400 4191 altitudines
415 4143 557 4202 meridiane,
573 4143 671 4220 illusque
688 4145 750 4194 Solis
759 4146 894 4194 altitudine·
925 4145 1024 4225 piissime
1039 4148 1185 4194 estrmomiae
1200 4147 1355 4206 phanum
1368 4161 1423 4208 quai
1437 4143 1484 4190 alii
1499 4145 1554 4206 qui-

265 4208 893 4332 iiffiihlssiiffliihi'iitiiihlilliii
922 4209 1154 4336 immi..
1190 4208 1554 4333 dhiiflllilli'iodissll
1602 4275 1605 4281 ,

265 4334 369 4379 beantur.
401 4335 891 4396 Deindetrenseatparabolsperertmmi·
923 4339 987 4386 mius
1006 4346 1127 4400 geometr·
1148 4337 1182 4385 D.
1205 4336 1310 4386 Clairuu
1330 4337 1356 4384 iu
1379 4337 1447 4384 idon.
1473 4334 1549 4382 Paris.

266 4405 324 4442 tetes
344 4397 508 4455 ordinatarum,
530 4401 630 4447 abscisse
657 4415 710 4462 qum
731 4401 893 4462 correspondet
922 4415 961 4447 en.
977 4405 1046 4457 1736,
1058 4400 1098 4447 ubi
1109 4399 1291 4448 determinandae
1303 4399 1393 4447 Telluri
1405 4399 1487 4474 figurae
1498 4413 1550 4444 mo·

182 4517 189 4528 .
265 4458 369 4506 minimae
379 4460 496 4520 ordinatu,
513 4472 605 4522 tempus
615 4462 705 4510 solstitii
721 4462 889 4512 determinabit
921 4464 981 4511 dum
991 4464 1086 4523 exponit
1096 4478 1125 4510 ex
1135 4463 1245 4510 mensuri
1260 4463 1363 4523 plurium
1374 4463 1496 4510 meridiani
1511 4476 1550 4509 er·

267 4523 384 4572 ceterum
409 4522 499 4571 definiri
525 4535 600 4586 potest
622 4536 715 4589 tempus
734 4527 825 4575 solstitii
849 4543 893 4589 per
922 4526 1138 4576 euumindiverds
1147 4526 1309 4576 humitenus
1318 4525 1392 4587 eapti.
