3392 5675
50 515 60 538 ·
286 506 347 563 160
591 496 930 562 annosorum.
953 493 1225 561 uaruuanrs
1257 465 1570 574 [mannasses.

327 669 392 739 Die
407 669 537 735 Veneris
554 668 631 733 Feb.
648 677 700 734 25.
715 681 752 733 st.
767 680 827 734 vet.
842 668 912 732 hor.
929 672 969 749 8}
993 688 1083 751 pm.
1094 675 1229 731 oometae
1246 666 1280 729 in
1298 688 1322 752 p
1336 668 1497 733 existentis
1509 668 1580 739 dis·¹
1651 714 1655 721 -

284 781 415 845 tantiae
430 779 517 843 stelit
541 778 571 842 Ε
590 762 660 843 erat
679 780 782 843 minor
800 775 894 864 quaim
915 783 956 861 ᾗ
971 776 1003 839 Α
1018 774 1058 852 Ε,
1073 776 1173 859 major
1187 772 1317 861 quim}
1330 776 1361 839 A
1376 775 1416 853 Ε,
1439 776 1576 863 ideoque

284 884 412 971 oequalis
433 886 472 965 ᾖ
496 885 528 948 Α
544 884 574 948 Ε
594 885 757 968 proxime:
781 894 813 947 et
832 882 965 969 angulus
981 881 1012 945 A
1025 903 1048 965 p
1061 880 1091 944 Ε
1111 879 1255 945 nonnihil
1275 880 1405 958 obtusus
1418 894 1496 960 erat,
1519 883 1577 947 sed

283 994 349 1058 ferd
370 1006 482 1059 rectus
526 994 651 1079 Nempe
672 994 698 1058 si
720 993 935 1058 demitteretur
952 990 994 1055 ad
1012 990 1080 1077 pu
1100 990 1359 1075 perpendiculum
1378 992 1419 1055 ab
1442 994 1484 1069 A,
1510 992 1577 1057 dis-

283 1104 380 1167 tantia
394 1114 525 1167 cornetae
539 1127 558 1167 a
572 1102 797 1187 perpendiculo
810 1102 866 1165 illo
881 1112 948 1167 erat
961 1104 981 1182 ὲ
994 1124 1018 1186 p
1034 1100 1073 1165 Ε.
1649 1108 1652 1114 ’

329 1204 449 1270 Eidem
469 1220 562 1272 nocte
583 1206 661 1313 horsi
683 1212 735 1289 91,
757 1220 888 1272 cometae
902 1209 936 1270 in
952 1207 1153 1272 Rexistentia
1168 1206 1314 1273 distantia
1328 1231 1348 1273 a
1362 1206 1448 1273 stella
1464 1208 1495 1273 Ε
1509 1220 1576 1273 erat
1631 1267 1634 1270 .

282 1354 381 1438 major
396 1351 489 1438 quam
503 1321 546 1497 ἐξ
562 1355 593 1417 A
609 1354 648 1431 Ε,
665 1353 768 1417 minor
782 1374 877 1439 quam
891 1322 932 1479 ὲ
948 1355 980 1417 Α
997 1352 1036 1430 Ε,
1052 1353 1186 1440 ideoque
1200 1322 1383 1499 &musal-'p
1400 1355 1430 1418 A
1454 1352 1494 1430 Ε,
1520 1376 1576 1417 seu

285 1524 328 1613 ᾗ
342 1522 371 1585 A
389 1520 418 1585 Ε
434 1504 681 1607 quamproxime.
727 1522 758 1585 A
772 1456 999 1605 perpendiculo
1012 1532 1117 1587 antem
1132 1545 1152 1587 a
1165 1521 1254 1618 stella
1269 1523 1301 1586 A
1316 1522 1357 1586 sd
1371 1533 1488 1587 rectam
1504 1522 1575 1607 PF.

283 1630 417 1695 demisso
433 1630 578 1695 distantia
590 1640 721 1695 eometae
735 1629 836 1713 erat}
853 1628 881 1695 P
897 1628 935 1741 Ε.

327 2854 392 2920 Die
416 2853 496 2919 Solis
524 2853 600 2917 Feb.
617 2860 669 2919 27.
685 2851 755 2916 hor.
779 2856 875 2936 82¹„p.
891 2873 934 2916 m.
957 2863 1087 2916 eometae
1109 2852 1143 2915 in
1160 2853 1194 2930 Q
1213 2854 1372 2920 existentis
1390 2855 1538 2923 distantia
1557 2881 1576 2922 a

284 2959 373 3024 stellis
398 2951 429 3024 O
451 2960 596 3045 aequabat
617 2949 794 3024 distantiam
817 2957 978 3026 stellarum
1001 2959 1033 3023 Ο
1052 2971 1085 3022 et
1105 2958 1152 3036 H,
1169 2972 1299 3025 etreeta
1322 2962 1402 3039 Qo
1421 2965 1577 3049 producta

188 3055 190 3058 ¹
283 3065 436 3130 transibat
453 3065 536 3128 inter
557 3064 662 3128 stellas
685 3063 719 3127 K
741 3075 773 3126 et
795 3061 834 3126 B.
881 3061 1074 3127 Positionem
1092 3062 1185 3148 hujus
1201 3076 1295 3130 rectae
1309 3067 1351 3130 ob
1364 3067 1466 3134 nubes
1480 3071 1576 3135 inter·

284 3171 443 3236 venientes
458 3173 556 3259 magis
571 3171 715 3236 accurate
731 3153 863 3236 definire
877 3176 942 3234 non
960 3174 1060 3256 potui.

326 3280 391 3345 Die
407 3279 521 3344 Martis
538 3279 636 3344 Mart.
654 3288 682 3342 1.
692 3279 764 3344 hor.
780 3286 830 3345 ll.
847 3301 878 3362 p.
891 3301 934 3342 m.
949 3292 1071 3344 cometa
1084 3280 1117 3343 in
1133 3281 1165 3344 R
1179 3281 1325 3362 existens,
1341 3283 1436 3349 stellis
1453 3285 1485 3348 K
1501 3296 1533 3349 et
1549 3285 1577 3350 C

288 3371 431 3452 aecurate
453 3387 664 3474 interjacebat,
688 3399 720 3450 et
734 3399 828 3450 rectae
853 3387 882 3450 C
898 3387 930 3449 R
945 3385 979 3450 K
999 3408 1073 3470 pars
1089 3386 1117 3451 C
1134 3388 1164 3451 R
1178 3389 1275 3472 paulo
1289 3392 1389 3476 major
1403 3403 1471 3456 erat
1485 3391 1578 3476 qnaim

267 3499 302 3580 ,ᾗ
322 3498 349 3561 C
366 3497 409 3574 K,
425 3510 457 3560 et
471 3499 565 3582 paulo
580 3499 684 3562 minor
698 3497 826 3584 quam}
846 3497 874 3560 C
891 3496 923 3559 K
940 3505 973 3572 †
992 3499 1013 3578 ᾗ
1029 3495 1058 3560 C
1074 3496 1115 3574 R,
1130 3497 1264 3585 ideoque
1279 3500 1407 3586 aequalis
1420 3497 1441 3579 ᾗ
1454 3500 1482 3564 C
1493 3501 1525 3563 K
1539 3509 1574 3576 4-

287 3607 326 3686 fg
343 3603 371 3667 C
388 3603 419 3666 R
434 3625 489 3667 seu
503 3603 542 3690 {r}
560 3605 587 3668 C
604 3605 646 3668 K.
1374 3613 1376 3616 ⁴
1558 3629 1561 3633 “

330 3710 394 3774 Die
414 3709 567 3775 Mercurii
586 3710 684 3775 Mart.
698 3718 730 3772 2.
745 3711 814 3775 hor.
830 3719 859 3776 8¹.
875 3733 907 3796 p.
922 3733 965 3774 m.
980 3722 1110 3777 oometoe
1124 3713 1284 3778 existentis
1300 3713 1334 3777 in
1354 3714 1377 3778 S
1399 3713 1547 3778 distantia
1560 3736 1581 3777 a

146 3792 152 3797 Ι
286 3815 374 3881 stella
399 3816 427 3880 C
450 3818 548 3898 eratss
567 3817 638 3880 FC
660 3816 906 3902 quamproxime.
950 3816 1110 3882 Distentis
1130 3817 1228 3882 stellae
1244 3819 1271 3882 F
1285 3817 1402 3882 erecti
1419 3819 1447 3884 C
1465 3821 1488 3884 S
1506 3841 1580 3903 pro-

287 3922 389 3995 ducta,
402 3933 470 3987 erat
484 3925 524 4002 ἐς
547 3922 574 3985 F
591 3922 619 3986 C
627 3947 636 3999 3
663 3934 702 3995 et,
713 3921 860 3986 distantia
881 3921 979 3986 stelloe
994 3921 1078 3986 Bab
1093 3920 1202 3986 eddern
1216 3923 1310 4000 recti,
1331 3936 1399 3988 erat
1413 3924 1580 4009 quintuplo

286 4033 387 4117 major
402 4030 496 4118 quim
511 4031 657 4094 distantia
670 4022 771 4096 ttetlae
786 4029 823 4094 F.
871 4029 952 4094 Item
967 4040 1061 4119 recta
1074 4029 1107 4092 N
1122 4030 1146 4095 S
1166 4029 1320 4113 producta
1333 4029 1486 4094 transibat
1501 4030 1583 4093 inter

179 4215 183 4226 Ι
287 4141 392 4205 stellas
413 4141 451 4206 H
470 4153 502 4206 et
524 4141 553 4218 1,
577 4138 742 4226 quintuplo
765 4137 814 4202 vel
837 4135 982 4223 sextuplo
1000 4138 1130 4223 propIor
1148 4137 1283 4202 existens
1301 4136 1399 4202 stellae
1426 4137 1464 4201 H
1487 4135 1583 4224 quim

288 4247 385 4312 stellae
403 4250 428 4313 1.
449 4253 451 4260 '
1297 4270 1301 4274 ·

332 4353 395 4418 Die
412 4331 538 4420 Saturni
554 4353 651 4420 Mart.
668 4367 699 4420 5.
714 4354 784 4418 hor.
801 4356 861 4434 1Ιρ
876 4373 908 4437 p.
922 4373 965 4415 nr.
979 4351 1100 4416 cometa
1114 4350 1267 4416 existente
1281 4350 1315 4429 in
1330 4350 1372 4428 Τ,
1382 4422 1385 4430 ,
1394 4362 1485 4417 recta
1499 4349 1539 4415 M
1550 4348 1584 4412 T

288 4459 416 4543 aequalis
435 4473 503 4523 erat
524 4457 543 4540 A
567 4459 606 4525 M
622 4461 662 4537 L,
686 4472 717 4525 et
737 4470 823 4532 recta
836 4459 867 4522 L
882 4457 915 4521 Τ
932 4457 1086 4541 producta
1099 4457 1251 4522 transibat
1263 4458 1345 4520 inter
1360 4456 1389 4520 B
1405 4469 1436 4519 et
1452 4457 1490 4532 F,
1506 4477 1583 4540 qua-

290 4562 403 4648 druplo
417 4565 467 4628 vel
483 4565 649 4649 quintuplo
663 4567 793 4650 propior
809 4565 836 4628 F
850 4562 944 4650 quam
960 4564 1000 4640 B,
1017 4563 1159 4628 auferens
1173 4586 1193 4626 a
1209 4563 1278 4627 BF
1293 4561 1433 4648 quintam
1447 4559 1498 4622 vel
1513 4582 1583 4623 sex-

214 4733 222 4763 &
289 4687 354 4736 tam
369 4673 434 4756 ejus
450 4684 572 4759 partem
586 4695 695 4737 versus
712 4674 747 4737 F.
788 4671 829 4735 Et
842 4670 882 4738 M
894 4670 927 4734 T
935 4670 1091 4754 producta
1099 4670 1251 4734 transibat
1262 4679 1353 4732 extra
1366 4667 1502 4750 spatium
1517 4666 1544 4729 B
1557 4665 1585 4729 F

290 4779 330 4842 ad
353 4790 456 4862 partes
480 4776 577 4840 stellae
600 4777 639 4854 B,
663 4777 839 4863 quadruplo
858 4777 989 4862 propior
1010 4777 1145 4843 existens
1161 4775 1259 4842 stella
1275 4770 1412 4860 Bqurim
1426 4773 1526 4838 stellae
1547 4773 1583 4837 F.
1674 4805 1677 4810 ·
