3392 5675
146 470 460 555 vunentanus]
491 474 734 541 PRINCIPIA
757 475 1129 545 MATHEMATICA.
1384 490 1445 550 129

153 646 220 711 line
232 640 350 726 cursits,
364 649 421 714 ubi
435 649 542 715 mottls.
552 650 730 734 apparentis
749 672 831 735 pars,
844 651 908 726 illa,
931 674 1002 737 quoe
1016 674 1035 715 a
1049 652 1201 736 parallaxi
1214 652 1325 737 oritur,
1347 658 1445 741 majo-
1495 673 1497 682 ·

151 774 219 816 rem
240 754 334 821 habet
358 757 592 840 proportionem
613 755 653 819 ad
674 768 792 821 motum
809 768 1136 841 totumappareutem,
1159 758 1324 823 deflectere
1338 761 1442 827 solent

150 864 191 927 ab
205 864 402 943 his'circulis,
420 878 452 929 et
467 867 587 952 quoties
598 866 700 929 Terra
713 878 855 929 movetur
870 866 904 928 in
918 888 1012 929 unam
1025 880 1157 951 partem,
1173 867 1260 930 abire
1274 869 1307 930 in
1322 883 1442 952 pattern

143 969 349 1037 neutralem.
396 972 507 1037 Oritur
528 973 597 1037 haec
618 973 752 1037 deflexio
774 971 910 1049 maxirue
931 994 972 1037 ex
992 974 1154 1057 parallaxi,
1175 987 1343 1059 propterea
1356 983 1440 1063 quod
1542 1001 1548 1007 ·

143 1079 318 1163 -respondet
339 1080 438 1144 motui
461 1080 588 1155 Terraess
611 1093 645 1144 et
657 1079 788 1165 insignis
810 1082 878 1165 ejus
892 1080 1057 1166 quantitas,
1079 1103 1151 1145 meo
1165 1094 1322 1164 computo,
1346 1084 1442 1149 collo-

149 1186 230 1248 cavit
251 1186 444 1270 disparentes
460 1198 596 1249 cotnetas
612 1187 685 1249 satis
700 1186 793 1273 longe
815 1186 896 1251 infra
910 1187 1031 1251 Jovem.
1077 1187 1173 1251 Unde
1188 1208 1380 1273 consequens
1395 1205 1441 1257 est
1476 1225 1479 1238 =

149 1294 234 1380 quod
258 1296 290 1357 in
313 1296 457 1382 perigaeis
483 1308 514 1359 et
534 1295 703 1379 periheliis,
729 1298 785 1361 ubi
806 1295 937 1381 propius
962 1298 1085 1376 adsunt,
1111 1298 1306 1363 descendunt
1326 1302 1441 1385 saepius

53 1474 55 1477 ⁸
149 1402 232 1483 infra
244 1403 337 1467 orbes
353 1404 468 1467 Martis
484 1416 514 1487 et
529 1402 710 1467 inferiorum
725 1404 930 1488 planetarum.

193 1507 515 1580 Confirmatur'etiarn
530 1512 746 1597 propinquitas
762 1525 954 1579 cometarum
970 1516 1008 1600 (⁸)
1024 1539 1064 1580 ex
1078 1517 1148 1581 luce
1163 1519 1310 1602 capitum.
1356 1520 1438 1583 Nam

145 1620 285 1703 corporis
300 1621 432 1685 coelestis
447 1644 467 1685 a
483 1620 556 1686 Sole
570 1621 714 1685 illustrati
729 1634 761 1685 et
775 1618 808 1687 in
822 1624 967 1710 regiones
981 1625 1167 1714 longinquas
1178 1627 1331 1705 abeuntis,
1348 1627 1440 1690 dimi·

144 1726 252 1790 nuitur
275 1727 424 1811 splendor
445 1728 479 1791 in
500 1728 735 1814 quadruplicati
757 1730 880 1794 ratione
902 1731 1077 1799 distantiae:
1100 1733 1133 1794 in
1148 1733 1305 1816 duplicata
1321 1736 1440 1799 ratione

143 1834 287 1899 videlicet
302 1837 343 1900 ob
358 1850 480 1901 auctam
495 1838 635 1921 corporis
650 1838 827 1903 distantiam
841 1863 862 1903 a
873 1840 1005 1919 Sole,et
1018 1840 1056 1903 in‘
1066 1840 1126 1905 aliti
1141 1840 1299 1926 duplicata
1318 1844 1438 1910 ratione

143 1942 185 2005 ob
207 1942 393 2007 diminutam
414 1944 600 2009 diametrum
622 1958 835 2029 apparentem.
880 1948 976 2014 Unde
991 1949 1122 2013 si'detur
1137 1962 1169 2013 et
1188 1949 1265 2014 lucis
1280 1954 1435 2038 quantitas

143 2062 176 2113 et
190 2074 344 2135 apparens
359 2054 509 2116 diameter
524 2065 663 2130 cometae,
681 2053 805 2118 dabitur
820 2054 975 2133 distantia,
991 2056 1125 2120 dicendo
1136 2057 1221 2142 quod
1236 2058 1383 2123 distantia
1398 2062 1439 2124 sit

109 2182 111 2186 ’
143 2157 184 2219 ad
199 2158 376 2221 distantiam
390 2158 534 2242 planetae,
552 2160 585 2221 in
600 2159 720 2224 ratione
735 2160 880 2224 diametri
893 2162 934 2225 ed
948 2161 1135 2226 diametrum
1145 2162 1262 2243 directe
1274 2177 1306 2229 et
1316 2168 1436 2231 ratione

143 2262 300 2349 duplicata
315 2266 394 2330 lucis
409 2268 450 2331 ad
464 2267 567 2331 lucem
581 2268 712 2332 inverse.
752 2269 805 2333 Sic
819 2270 950 2333 minima
964 2270 1103 2355 capillitii
1118 2285 1248 2337 cometae
1263 2276 1337 2340 anui
1354 2284 1436 2341 1682

120 2436 122 2443 ,
140 2373 300 2450 diameter,
322 2396 379 2459 per
394 2375 504 2438 tubum
519 2375 658 2458 opticum
676 2376 834 2440 sexdecim
855 2377 973 2461 pedum
987 2400 1008 2440 a
1023 2378 1214 2444 Flar'nstedio
1228 2384 1392 2449 observata
1405 2397 1438 2449 et

139 2485 343 2559 micrometro,
352 2498 540 2559 mensurata,
556 2487 702 2573 aequabat
716 2488 756 2549 2².
772 2489 813 2551 0''
823 2510 831 2563 ;
846 2488 976 2551 nucleus
991 2488 1096 2552 autem
1109 2512 1165 2553 seu
1180 2491 1316 2555 stellein
1330 2494 1436 2558 medio

140 2594 249 2677 capitis
264 2595 318 2657 vix
332 2594 485 2658 decimam
498 2607 619 2678 partem
642 2594 813 2659 latitudinis
828 2595 922 2680 hujus
936 2599 1119 2681 occupabat,
1143 2600 1278 2686 ideoque
1292 2603 1356 2666 lata
1369 2617 1436 2667 erat

140 2714 263 2769 tantum
286 2704 355 2765 11²¹.
372 2701 421 2765 vel
449 2705 519 2766 12¹².
578 2703 665 2768 Luce
689 2702 764 2766 verb
790 2716 822 2767 et
847 2704 986 2770 claritate
1010 2708 1121 2790 capitis
1147 2710 1315 2792 superabat
1340 2723 1436 2795 caput

139 2819 270 2880 cometae
285 2808 359 2872 anni
377 2817 470 2886 1680,
485 2808 659 2897 'stellasque
672 2810 783 2895 primae
798 2811 845 2875 vel
870 2811 1017 2875 secundae
1030 2814 1253 2900 magnitudinis
1268 2817 1436 2881 aemulaba-

130 2929 197 2982 ·tur.
244 2919 402 2983 Ponamus
426 2920 595 2983 Saturnum
619 2941 692 2982 cum
715 2920 912 2984 annulosuo
934 2923 1023 3007 quasi
1047 2923 1223 3008 quadruplo
1248 2926 1430 2992 lucidiorem

54 3009 57 3018 ’
136 3024 248 3096 fuisse:
272 3038 303 3088 et
324 3025 471 3110 quoniam
493 3025 548 3087 lux
570 3025 677 3088 annuli
699 3027 928 3110 propemodum
943 3009 1088 3112 aequabat
1109 3028 1311 3117 lucem'globi
1333 3033 1450 3097 inter-'

135 3131 242 3209 medii,
265 3145 296 3195 et
316 3130 467 3196 diameter
488 3153 642 3216 apparens
662 3133 749 3219 globi
764 3133 803 3197 sit
818 3133 906 3219 quasi
923 3136 994 3197 ⁴21⁰.
1011 3134 1144 3218 ideoque
1158 3135 1214 3198 lux
1228 3137 1316 3222 globi
1331 3151 1362 3202 et
1376 3163 1432 3202 an·

135 3297 240 3336 austrum
252 3287 378 3336 descendit.
406 3287 554 3344 Quiatamen
565 3288 591 3335 in
602 3287 684 3336 eodem
697 3289 769 3349 plano
801 3289 898 3350 sphera
915 3287 1037 3344 contineri,
1056 3259 1157 3350 ideoque
1172 3287 1297 3335 densitates
1312 3287 1430 3352 radiorum

134 3368 228 3414 temper
237 3353 331 3410 incedit,
344 3356 423 3400 orbem
432 3353 576 3410 circularem,
587 3353 683 3400 Tellure
692 3354 766 3412 quiet·
799 3364 869 3400 erunt
879 3354 904 3400 in
914 3355 1003 3400 ratione
1019 3354 1194 3412 superficierum
1210 3354 1376 3413 epheritarum
1393 3353 1430 3400 in·

135 3427 209 3492 cente,
225 3417 344 3492 videretur
358 3418 493 3473 describere,
510 3416 671 3492 sedquoniam
687 3417 768 3464 Tellus
800 3413 873 3473 verse,
890 3418 934 3492 hoc
945 3414 1028 3491 estin
1039 3417 1127 3491 ratione
1138 3415 1428 3493 duplicatahaemi-‘diame-

136 3481 769 3601 litabit„¹toetl²ttttltttttt3²tttt
799 3480 1430 3608 tattttfttttf‘tmtatffilttttt

134 3609 229 3654 boream
244 3607 315 3656 altius
331 3608 462 3664 ascendere,
479 3607 550 3655 modo
567 3606 647 3654 versus
663 3617 768 3654 austrum
800 3606 880 3678 habita}
890 3609 985 3664 ratione,
997 3607 1098 3655 sensatio
1107 3623 1161 3670 qua
1171 3623 1186 3654 a
1195 3604 1266 3654 radiis
1276 3622 1359 3654 nervos
1369 3609 1428 3668 optir

135 3671 232 3720 inferius
242 3671 381 3718 descendere
396 3671 521 3731 apparebit.
561 3671 768 3719 observationibus
800 3687 840 3718 cos
858 3672 1041 3732 percutientibus
1057 3673 1176 3728 excitatur,
1196 3681 1231 3720 est
1247 3681 1274 3718 ut
1290 3672 1429 3734 quadratum

134 3747 281 3796 compertum
292 3746 326 3782 est
337 3745 438 3782 cometas
457 3733 626 3796 propemodum
638 3736 662 3781 in
674 3735 767 3781 circulis
798 3733 1020 3782 distantiaeinverse.
1044 3735 1089 3782 Sed
1097 3734 1305 3797 qudremotiusest
1315 3735 1428 3791 lucidum,

134 3801 244 3846 maximis
254 3815 357 3862 pergere,
369 3799 475 3860 quandiu
486 3808 611 3846 moventur
621 3799 726 3854 celerius,
743 3807 768 3846 at
799 3814 828 3846 eo
843 3799 964 3859 pauciores
974 3799 1032 3846 radii
1043 3799 1072 3846 ad
1083 3800 1179 3846 oculum
1195 3800 1341 3859 perveniunt,
1356 3798 1429 3861 idque

136 3863 160 3909 in
178 3864 225 3910 fine
241 3863 322 3912 cursits
338 3863 457 3910 deflectere
474 3863 550 3910 solent
565 3865 594 3910 ab
609 3865 645 3908 his
659 3862 752 3910 circulis
759 3881 768 3920 ;
800 3862 825 3910 in
845 3862 964 3922 duplicati
982 3864 1071 3910 mtione
1090 3863 1252 3913 distantiarum
1275 3865 1337 3926 (loeo
1358 3861 1429 3924 supra

135 3927 188 3974 hac
203 3937 282 3974 autem
299 3926 399 3974 deflexio
415 3926 500 3986 pendet
519 3942 547 3974 ex
567 3925 617 3986 ipat
633 3926 769 3988 trajectoria
800 3926 853 3988 cit)
865 3929 961 3984 honest,
979 3928 1003 3973 in
1014 3926 1134 3986 duplicati
1143 3928 1232 3974 ratione
1242 3927 1346 3973 diametri
1357 3942 1428 3987 appa-

137 4001 281 4038 cometarum
303 3987 427 4038 sanatura
448 3990 477 4038 de
501 3990 548 4052 qui
574 3991 641 4037 infra.
689 3989 768 4044 Quare
800 3992 872 4037 tentis
882 3991 1011 4037 dinunuta.
1048 3990 1135 4048 Quare,
1147 3990 1315 4052 componendo,
1327 3992 1430 4049 corporis

135 4055 245 4114 deinceps
261 4053 380 4101 trademus
396 4069 501 4100 normam
517 4054 620 4113 computi
637 4069 685 4116 quo
696 4055 767 4102 New-
800 4054 900 4101 eoelestis
915 4071 929 4101 a
947 4055 1001 4102 Sole
1012 4053 1119 4101 illustrati
1134 4063 1158 4101 et
1171 4055 1196 4100 in
1212 4056 1318 4116 regiones
1335 4054 1428 4114 longin-

135 4127 206 4165 tonus
223 4118 364 4178 disparentes
380 4128 482 4165 cometas
496 4118 552 4166 atis
567 4116 638 4180 longe
653 4117 715 4166 inira
725 4117 768 4166 Jo·
800 4133 859 4180 quas
879 4119 986 4165 abeuntis
1006 4117 1145 4165 diminuitur
1165 4117 1273 4178 splendor
1294 4119 1319 4162 in
1339 4119 1429 4166 ratione

14 4205 15 4222 ι
92 4215 95 4219 .
135 4196 189 4228 vem
205 4183 334 4238 collocavit,
351 4182 513 4245 nonnullaque
523 4182 647 4230 afferemus
662 4181 768 4241 exempla
801 4181 1109 4244 quadmplieatidistantlae.
1141 4181 1194 4228 Erit
1204 4180 1428 4243 itaqnequadratum

134 4257 279 4292 cometarum
290 4246 331 4308 qui
346 4245 408 4291 intra
417 4248 485 4294 orbes
493 4245 581 4294 Maus
591 4255 616 4294 et
631 4246 766 4294 inferiorum
800 4246 915 4294 distantiae
926 4257 1022 4294 cometae
1032 4261 1047 4292 a
1059 4245 1113 4292 Sole
1123 4245 1153 4291 ad
1163 4242 1302 4306 quadratum
1313 4245 1429 4293 distantia

133 4309 280 4370 planetarum
293 4309 467 4372 descenderunt.
799 4309 900 4371 planeta
909 4313 938 4358 ab
948 4309 1030 4356 eodem
1040 4309 1065 4354 in
1076 4309 1165 4354 ratione
1175 4308 1303 4368 composita
1313 4325 1342 4356 er
1351 4309 1430 4370 dupli.

802 4373 855 4421 catti
870 4376 958 4422 ratione
969 4373 1074 4423 diametri
1090 4371 1220 4431 apparentis
1231 4383 1327 4420 cornetae
1338 4373 1367 4420 ad
1379 4373 1429 4421 dia-

168 4438 275 4502 (²)135.
296 4441 309 4469 ⁸
328 4441 367 4487 Er
385 4441 438 4486 loce
457 4442 567 4501 capitum.
603 4436 770 4501 intelligantur
801 4448 904 4486 metrum
925 4445 1073 4501 apparentem
1094 4436 1194 4496 planeta
1215 4445 1240 4482 et
1260 4437 1349 4484 ratione
1370 4437 1429 4486 lucis

139 4499 193 4548 dure
215 4501 349 4562 superficies
373 4502 490 4562 sphaericae
511 4504 670 4560 concentriaae,
693 4503 771 4549 minor
802 4501 902 4562 planeta»
922 4501 951 4546 ad
978 4501 1054 4547 lucem
1076 4510 1181 4546 comma.
1228 4499 1300 4548 Unde
1321 4501 1430 4548 distantia

137 4579 193 4622 una,
205 4568 282 4628 major
292 4566 372 4623 altera,
390 4575 414 4612 et
429 4567 454 4612 in
465 4576 544 4612 centro
554 4565 675 4628 utriusque
686 4567 769 4614 consti·
802 4576 899 4611 cometa
909 4581 923 4610 a
936 4565 989 4611 Sole
1000 4564 1074 4610 estad
1085 4563 1217 4610 distantiam
1232 4564 1333 4624 planeta
1348 4567 1378 4612 ab
1388 4579 1427 4611 eo·

137 4638 219 4676 tutum
231 4629 335 4694 fingatur
345 4645 429 4690 corpus
443 4629 536 4692 aliquod
551 4630 665 4680 lucidum.
703 4632 770 4686 Quo-
802 4629 901 4676 demin
920 4630 1008 4674 ratione
1026 4627 1154 4687 compositis
1172 4642 1200 4675 ex
1219 4629 1309 4675 ratione
1323 4627 1429 4675 diametri

135 4691 199 4738 niam
212 4708 298 4753 corpus
310 4693 370 4740 illud
382 4693 458 4740 radios
466 4710 520 4741 suos
530 4709 571 4754 per
579 4709 672 4740 omnem
684 4694 769 4740 circui·
802 4693 933 4752 apparentis
951 4701 1047 4740 cometa
1068 4691 1098 4738 ad
1119 4691 1258 4739 diametrum
1279 4699 1429 4752 apparentem

136 4764 188 4801 tum
210 4756 334 4814 diffundit,
358 4756 452 4803 evidens
473 4766 508 4805 est
532 4756 630 4802 eandem
652 4757 769 4803 radiorum
802 4757 902 4815 planetae
912 4767 935 4802 et
945 4757 1034 4803 ratione
1047 4754 1210 4817 subduplicatti
1220 4756 1279 4804 lucis
1288 4756 1387 4817 planeta
1398 4755 1429 4803 ad

131 4820 287 4880 quantitatem
316 4821 342 4867 in
369 4818 471 4868 concavat
504 4820 624 4882 superficie
650 4821 771 4883 utriusque
802 4819 879 4868 lucem
890 4830 994 4868 cometa.
1114 4839 1118 4844 ⁴

751 4903 795 4952 14
