3392 5675
176 454 476 594 insoniunt]
501 454 745 609 rnrnomm
769 506 1140 573 nnrnnnmrcn.
1400 516 1462 574 199

175 682 296 747 circum
310 708 386 749 axes
401 708 484 761 suos,
501 704 572 769 quae
588 704 660 747 cum
673 682 811 747 motibus
827 683 979 746 vorticum
990 704 1164 770 congruere
1173 677 1334 759 deberent,
1347 662 1387 745 eb
1397 702 1465 745 om-

173 790 267 855 nibns
287 792 372 856 hisce
393 790 648 877 proportionibus
663 790 858 873 discrepant.
891 788 1016 853 'Motus
1037 800 1230 853 cometarum
1252 799 1330 861 sunt.
1343 787 1464 852 summe

127 958 132 970 ,
173 900 342 986 regulares,
370 912 402 965 et
425 898 553 964 easdem
577 898 663 985 leges
688 920 759 962 cum
783 897 981 982 planetarum
1003 896 1139 959 motibus
1157 886 1338 972 observant'
1355 908 1387 959 et
1405 918 1463 979 per

173 1008 308 1072 vortices
323 988 475 1093 explicari
494 1018 663 1093 nequeunt.
693 1007 867 1083 *Fertmtnr
881 1000 1012 1070 cometae
1025 1006 1161 1069 motibus
1174 1004 1265 1068 valde
1284 1004 1465 1067 eccentricis

173 1116 206 1178 in
216 1116 331 1199 ¹orn'ne's
347 1118 498 1181 coelorum
511 1129 627 1200 portes,
644 1117 729 1203 quod
744 1116 813 1181 fieri
832 1107 897 1181 non
909 1126 1028 1201 potest,'
1039 1116 1101 1179 nisi
1114 1117 1247 1179 vortices
1261 1115 1419 1179 tollentur.

182 1280 185 1285 .
216 1224 404 1311 Projecdlia,
427 1227 460 1289 in
482 1228 554 1291 eiire
569 1236 687 1303 nostro,
699 1218 910 1289 ¹solnm'niiiis
924 1214 1292 1289 resistentinm'sentiunt.
1335 1224 1465 1289 Sublato

171 1332 264 1409 sirm
277 1343 314 1396 ut
334 1333 372 1395 fit
392 1332 427 1397 in
438 1354 540 1418 vacuo
556 1332 722 1419 Boyliano‚
745 1330 921 1395 resistentie
941 1342 1050 1408 cesset,
1073 1331 1226 1417 siquidem
1239 1332 1348 1415 plume
1361 1332 1464 1395 tennis

172 1451 205 1503 et
219 1460 332 1502 eurum
345 1439 481 1503 solidum
495 1438 609 1525 eeqnnli
623 1461 695 1502 cnm
709 1438 873 1502 velocitate
885 1439 919 1502 in
933 1436 995 1502 hoc
1008 1458 1107 1501 vocuo
1122 1438 1258 1502 endunt<
1292 1438 1336 1503 Et
1349 1462 1407 1523 par
1418 1452 1465 1504 est

170 1549 251 1613 ratio
273 1548 649 1633 spatiorumscoelestimn,
672 1543 743 1636 quae
758 1541 941 1635 sunt'snprd
956 1548 1199 1633 ennosphoernm
1217 1551 1338 1616 Terrae.
1383 1552 1464 1617 Cor-

172 1678 251 1741 pore
266 1658 372 1721 omnio
385 1660 420 1722 in
433 1658 500 1723 istis
516 1659 621 1744 spatiis
643 1654 800 1723 liberrime
813 1660 934 1723 moveri
948 1648 1084 1736 debent3
1106 1672 1138 1724 et
1150 1673 1317 1745 propterea
1330 1662 1464 1747 planetae

174 1777 207 1829 et
221 1778 352 1829 cometae
366 1764 543 1830 in'orbibus
558 1767 661 1851 specie
676 1776 707 1830 et
720 1762 876 1850 positione
885 1766 967 1830 detis
978 1765 1151 1830 secundum
1164 1766 1249 1853 leges
1262 1766 1356 1851 suprsl
1367 1790 1465 1853 expo-

170 1874 245 1938 sitos
266 1873 420 1959 perpetuo
442 1876 568 1940 revolvi.
592 1875 865 1941 ‚Perseverebunt
878 1865 1012 1962 quidem
1027 1876 1062 1939 in
1073 1861 1205 1941 orbibus
1219 1877 1357 1961 suis'per
1376 1876 1463 1965 leges
1513 1914 1524 1924 ·

171 1980 342 2067 grevitntis
359 1980 415 2045 sed
428 1981 605 2070 regularem
619 1974 742 2046 orbium
754 1976 848 2046 situm
861 1969 1007 2066 primitiis
1023 1971 1185 2068 acquirere
1196 2003 1255 2066 per
1268 1983 1354 2069 leges
1368 1981 1462 2048 hasce

170 2087 523 2172 minimdpotnerunt.“
695 2102 697 2107 '
1019 2105 1025 2131 ¹
1107 2098 1112 2107 “
1253 2112 1279 2149 ’1
1345 2112 1350 2123 ’

186 2244 192 2268 2
216 2198 356 2269 Planetae
371 2222 427 2265 sex
440 2202 628 2287 principales
643 2202 845 2266 revolvuntur
859 2200 978 2265 circum
994 2199 1100 2265 Solem
1119 2198 1153 2263 in
1167 2199 1290 2263 circulis
1308 2199 1375 2266 soli
1389 2220 1464 2263 con-

171 2302 452 2382 centricisehd'em
466 2300 570 2372 motin
584 2295 765 2383 directione,
780 2292 1325 2391 in'eodem'pln'no'q'unmpronimln¹
1360 2306 1462 2371 Lunae

170 2410 280 2474 decem
301 2412 504 2477 revolvunmr
525 2413 643 2477 circum
665 2412 809 2488 Terram,
833 2412 946 2475 Jovem
960 2423 992 2475 et
1008 2412 1180 2476 Snturnum
1200 2414 1233 2477 in
1246 2411 1372 2477 'circmis
1387 2434 1463 2477 con·

171 2518 325 2598 contritis,
350 2520 461 2615 eidem
486 2519 590 2585 moths
615 2519 795 2595 directione,
818 2518 852 2580 in
873 2518 976 2602 plenis
996 2520 1121 2583 orbium
1141 2519 1338 2605 planetarum
1354 2544 1464 2606 qnam·

173 2627 327 2711 proxime.
384 2630 423 2713 (ἕ)
452 2628 496 2711 Et
515 2628 549 2691 hi
570 2648 678 2691 omnes
703 2614 992 2713 motusreguleres
1017 2628 1171 2713 originem
1192 2650 1258 2691 non
1281 2629 1400 2692 hebent
1422 2651 1464 2693 ex
1534 2621 1538 2636 ’

119 2791 122 2799 ,
171 2737 272 2801 censis
293 2736 500 2814 mechanicis3
531 2736 686 2821 siquidem
704 2746 838 2799 'cometae
855 2735 894 2816 in
915 2735 1055 2818 orbibus
1066 2735 1158 2799 valde
1175 2734 1368 2814 eccentricis,
1383 2732 1417 2801 et
1430 2738 1464 2801 in

117 2828 122 2840 ἴ
171 2844 280 2910 onmes
302 2845 454 2910 coelorum
468 2857 580 2931 partes
601 2844 698 2910 libere
720 2830 871 2908 feruntur.
898 2842 993 2918 -Quo
1006 2842 1110 2908 motus
1125 2860 1240 2930 genere
1255 2855 1386 2908 cometoe
1406 2867 1465 2928 per
1517 2903 1521 2913 ,

171 2955 263 3017 orbes
284 2955 482 3039 planetarum
502 2953 663 3018 celerrime
685 2965 717 3017 et
731 2950 877 3016 facillime
891 2961 1062 3029 transeunt,
1084 2965 1116 3017 et
1137 2954 1171 3016 in
1185 2953 1316 3038 apheliis
1331 2954 1394 3017 suis
1408 2953 1464 3017 ubi

152 3141 156 3147 ⁵
171 3063 325 3126 tardiores
347 3074 419 3127 sunt
441 3075 474 3127 et
494 3043 611 3127 diutius
632 3049 805 3136 morantur,
829 3061 925 3144 quim
940 3059 1121 3146 longissime
1135 3060 1251 3124 distant
1265 3061 1306 3124 ab
1319 3061 1462 3140 invicem,

170 3183 207 3234 ut
221 3191 255 3234 se
269 3169 380 3233 mutuo
394 3169 488 3256 quim
503 3167 631 3233 minime
651 3169 798 3233 trahunt·
831 3165 1073 3251 Elegantissime
1085 3165 1191 3231 haecce
1208 3167 1300 3243 Solis,
1322 3166 1464 3250 planen-

171 3297 243 3340 rnm
258 3287 290 3340 et
304 3288 496 3342 cometarum
512 3285 759 3363 compages'non
774 3274 833 3338 nisi
849 3271 980 3337 consilio
994 3284 1026 3336 et
1039 3256 1273 3337 dominio'entis
1287 3269 1464 3360 intelligen-

171 3372 211 3447 ns·
224 3397 257 3472 et
269 3379 406 3466 potentis
421 3383 496 3447 oriri
510 3384 620 3468 potuit.
653 3383 696 3447 Et
710 3383 736 3446 si
751 3369 848 3446 stellse
864 3381 940 3444 flxae
954 3382 1016 3443 sint
1030 3381 1297 3444 centrosimilium
1312 3392 1463 3468 systema·

171 3504 248 3569 tum,
268 3489 338 3556 haec
354 3493 458 3556 omnia
471 3493 563 3556 simili
578 3479 709 3558 consilio
723 3481 903 3558 constructe
917 3489 1068 3552 suberunt
1078 3490 1183 3552 ‘Unius
1197 3489 1354 3553 dominio:
1376 3511 1460 3572 proe—

172 3599 277 3662 sertim
293 3597 365 3664 crim
379 3599 436 3663 lux
450 3599 585 3664 lixanun
600 3599 640 3662 sit
654 3597 792 3682 ejusdem
808 3585 980 3660 natnroe'uc
993 3595 1050 3657 lux
1067 3593 1157 3673 Solis,
1170 3606 1202 3658 et
1216 3607 1381 3680 systemate
1394 3618 1463 3659 om·

171 3707 223 3770 nie
238 3706 348 3784 ‚lucem
373 3708 408 3772 in
429 3707 534 3772 omnia
554 3706 686 3771 invicem
710 3703 887 3768 immittent.
910 3748 913 3753 v
932 3701 976 3766 Et
996 3723 1038 3765 ne
1058 3701 1194 3766 fixurum
1215 3713 1383 3788 systemate
1402 3725 1461 3787 per

172 3815 355 3900 gravintem
378 3837 467 3878 suam
487 3816 520 3878 in
542 3837 574 3881 se
595 3805 707 3878 mutuo
729 3795 851 3889 cad'ant,
873 3810 927 3876 hic
940 3799 1049 3877 endem
1067 3799 1251 3875 immensam
1266 3812 1306 3876 ab
1328 3799 1461 3876 invicem

171 3919 347 3986 distantiam
366 3922 533 4005 posuerit
568 3963 570 3970 ι
592 3963 605 3972 1·

205 4094 240 4158 (⁸)
249 4099 262 4126 ’
271 4097 304 4143 Et
312 4098 417 4144 hiomnes
426 4105 500 4145 neotus
508 4100 631 4158 regulares.
651 4093 801 4146 cucumim
832 4093 977 4153 tnbumdae3
989 4093 1030 4143 scd
1041 4109 1154 4160 magnum
1165 4095 1327 4156 philosophum
1339 4111 1385 4142 non
1394 4095 1461 4142 decet

172 4157 214 4204 viri
236 4159 341 4208 Joennes
360 4169 384 4207 et
406 4160 494 4210 Daniel
515 4161 675 4216 Bernoullius,
697 4159 760 4221 prior
775 4161 801 4208 in
833 4159 1013 4211 adminuculum
1022 4162 1192 4215 neumnenbi
1203 4160 1303 4222 alicujus
1313 4157 1460 4219 phrenomeni

174 4221 276 4283 Physich
296 4223 528 4283 coelesti-posterior
547 4225 571 4271 in
592 4223 801 4287 Dlsquisitiohibus
832 4225 945 4287 queritur
955 4222 1099 4285 explicatio)
1133 4223 1256 4286 Numquid
1273 4225 1322 4285 peri
1335 4226 1389 4286 jure
1402 4225 1460 4271 Cer·

174 4285 430 4346 Pylaico-astronomicis
446 4289 604 4337 mechanicam
619 4289 731 4336 horumce
749 4301 801 4336 mo-
833 4290 949 4336 tesianum
978 4287 1141 4348 philosophum
1169 4303 1293 4346 possumus
1319 4289 1461 4350 interrogare

172 4358 242 4396 tunm
252 4351 520 4399 musemervorticibns
535 4361 650 4414 repetunt.
687 4349 734 4400 Sed
744 4351 801 4400 crlnr
832 4354 934 4416 quinam
956 4350 1026 4399 ceum
1051 4349 1305 4399 mechmicdvortices
1329 4353 1460 4400 secundum

172 4411 312 4460 mechanico
328 4413 492 4472 explicationes
508 4416 555 4463 illae
570 4417 680 4463 omnibus
693 4416 809 4464 obnoxie.
832 4417 907 4464 varim
923 4414 1059 4462 directiones
1074 4413 1186 4471 ferentur,
1202 4430 1244 4461 cur
1259 4417 1404 4475 planetarum
1415 4415 1459 4461 clr-

172 4476 219 4522 sint
234 4475 408 4525 difficultatibus
425 4477 510 4540 quibus
526 4480 638 4527 vorticum
655 4481 801 4540 hypothesim
833 4479 1001 4528 cnmsolminm
1017 4478 1112 4527 vortices
1126 4482 1156 4526 ab
1171 4479 1290 4526 occidente
1308 4481 1332 4526 in
1347 4480 1460 4527 orientem

172 4540 245 4600 premi
253 4540 303 4613 jem
314 4541 465 4597 ostendimus,
478 4543 533 4590 huic
544 4543 577 4589 rei
593 4543 682 4592 diutius
693 4557 741 4592 uon
757 4545 800 4592 im·
832 4543 989 4593 moveantur?
1008 4541 1048 4590 ubi
1066 4544 1236 4602 phanomenon
1253 4543 1347 4607 aliquod
1365 4542 1395 4589 ed
1412 4541 1459 4602 pri-

171 4605 322 4650 morabimur.
369 4605 429 4651 Satis
450 4607 493 4652 erit
514 4607 642 4654 describere
659 4610 727 4654 verbe
748 4623 801 4670 qne
832 4611 897 4655 mem
908 4623 1002 4657 censam
1013 4606 1140 4653 deductum
1151 4616 1192 4664 est,
1209 4607 1247 4654 hic
1257 4610 1344 4656 haerere
1354 4621 1459 4653 musam-

172 4670 242 4714 hnhet
257 4668 327 4716 Josn.
343 4668 494 4716 Bernonllins
509 4671 652 4718 mentionem
669 4672 756 4720 faciens
771 4672 802 4718 de
833 4687 880 4733 que
890 4671 1048 4719 mechcoiccm
1058 4669 1157 4718 ulterius
1168 4685 1214 4718 non
1224 4687 1334 4735 quarem,
1346 4685 1460 4736 maguum

172 4732 277 4792 hocipso
290 4732 472 4780 Newtonitoco
494 4734 802 4796 (Siccusaeillaenonsunt
832 4735 997 4800 philosophum
1008 4733 1172 4784 nondcdecet.

159 4796 321 4854 mechanicis,
339 4805 408 4845 erunt
428 4799 628 4858 praeternaturales
647 4808 671 4846 et
688 4799 802 4848 miraculo
848 4845 852 4850 r
912 4841 915 4845 .
964 4837 969 4844 .
1064 4804 1068 4811 '
