<?xml version="1.0" encoding="UTF-8"?>
<!DOCTYPE html PUBLIC "-//W3C//DTD XHTML 1.0 Transitional//EN"
    "http://www.w3.org/TR/xhtml1/DTD/xhtml1-transitional.dtd">
<html xmlns="http://www.w3.org/1999/xhtml" xml:lang="en" lang="en">
 <head>
  <title>
</title>
<meta http-equiv="Content-Type" content="text/html;charset=utf-8" />
  <meta name='ocr-system' content='tesseract 3.04.00' />
  <meta name='ocr-capabilities' content='ocr_page ocr_carea ocr_par ocr_line ocrx_word'/>
</head>
<body>
  <div class='ocr_page' id='page_1' title='image "./philosophinatur04wriggoog_0194.png"; bbox 0 0 3392 5675; ppageno 0'>
   <div class='ocr_carea' id='block_1_1' title="bbox 155 466 1439 567">
    <p class='ocr_par' dir='ltr' id='par_1_1' title="bbox 155 466 1439 567">
     <span class='ocr_line' id='line_1_1' title="bbox 155 466 1439 567; baseline -0.001 -11"><span class='ocrx_word' id='word_1_1' title='bbox 155 490 266 555; x_wconf 65' lang='lat' dir='ltr'><strong>aaa</strong></span> <span class='ocrx_word' id='word_1_2' title='bbox 282 466 461 567; x_wconf 66' lang='lat' dir='ltr'><strong>Tatnos]</strong></span> <span class='ocrx_word' id='word_1_3' title='bbox 489 484 730 553; x_wconf 73' lang='lat' dir='ltr'><strong>rumaren</strong></span> <span class='ocrx_word' id='word_1_4' title='bbox 754 482 1124 552; x_wconf 77' lang='lat' dir='ltr'><strong>uaruaraamoa.</strong></span> <span class='ocrx_word' id='word_1_5' title='bbox 1377 498 1439 555; x_wconf 79' lang='lat' dir='ltr'><strong>us</strong></span> 
     </span>
    </p>
   </div>
   <div class='ocr_carea' id='block_1_2' title="bbox 150 658 1446 1610">
    <p class='ocr_par' dir='ltr' id='par_1_2' title="bbox 150 658 1446 1610">
     <span class='ocr_line' id='line_1_2' title="bbox 150 658 1440 747; baseline 0.002 -22"><span class='ocrx_word' id='word_1_6' title='bbox 150 660 324 727; x_wconf 78' lang='lat' dir='ltr'><strong>diustrunte</strong></span> <span class='ocrx_word' id='word_1_7' title='bbox 345 658 438 747; x_wconf 74' lang='lat' dir='ltr'><strong>quim</strong></span> <span class='ocrx_word' id='word_1_8' title='bbox 460 660 501 724; x_wconf 87' lang='lat' dir='ltr'><strong>ab</strong></span> <span class='ocrx_word' id='word_1_9' title='bbox 515 658 613 724; x_wconf 91' lang='lat' dir='ltr'><strong>oculis</strong></span> <span class='ocrx_word' id='word_1_10' title='bbox 627 660 741 723; x_wconf 86' lang='lat' dir='ltr'><strong>nostris</strong></span> <span class='ocrx_word' id='word_1_11' title='bbox 763 660 942 725; x_wconf 75' lang='lat' dir='ltr'><strong>distantiam</strong></span> <span class='ocrx_word' id='word_1_12' title='bbox 962 659 1064 724; x_wconf 85' lang='lat' dir='ltr'><strong>videri</strong></span> <span class='ocrx_word' id='word_1_13' title='bbox 1084 659 1185 727; x_wconf 79' lang='lat' dir='ltr'><strong>desiit</strong></span> <span class='ocrx_word' id='word_1_14' title='bbox 1231 660 1327 726; x_wconf 86' lang='lat' dir='ltr'><strong>Unde</strong></span> <span class='ocrx_word' id='word_1_15' title='bbox 1345 662 1440 728; x_wconf 86' lang='lat' dir='ltr'><strong>etium</strong></span> 
     </span>
     <span class='ocr_line' id='line_1_3' title="bbox 151 769 1441 855; baseline -0.001 -19"><span class='ocrx_word' id='word_1_16' title='bbox 151 771 263 836; x_wconf 80' lang='lat' dir='ltr'><strong>oaudae</strong></span> <span class='ocrx_word' id='word_1_17' title='bbox 283 782 474 836; x_wconf 84' lang='lat' dir='ltr'><strong>oometsmm</strong></span> <span class='ocrx_word' id='word_1_18' title='bbox 494 769 636 846; x_wconf 86' lang='lat' dir='ltr'><strong>aliorum,</strong></span> <span class='ocrx_word' id='word_1_19' title='bbox 662 785 733 855; x_wconf 88' lang='lat' dir='ltr'><strong>quae</strong></span> <span class='ocrx_word' id='word_1_20' title='bbox 746 770 858 833; x_wconf 78' lang='lat' dir='ltr'><strong>breves</strong></span> <span class='ocrx_word' id='word_1_21' title='bbox 872 780 957 846; x_wconf 83' lang='lat' dir='ltr'><strong>sunt,</strong></span> <span class='ocrx_word' id='word_1_22' title='bbox 979 790 1044 833; x_wconf 87' lang='lat' dir='ltr'><strong>uon</strong></span> <span class='ocrx_word' id='word_1_23' title='bbox 1059 770 1237 836; x_wconf 78' lang='lat' dir='ltr'><strong>ascendunt·</strong></span> <span class='ocrx_word' id='word_1_24' title='bbox 1244 783 1333 835; x_wconf 91' lang='lat' dir='ltr'><strong>motu</strong></span> <span class='ocrx_word' id='word_1_25' title='bbox 1347 772 1441 836; x_wconf 86' lang='lat' dir='ltr'><strong>celeri</strong></span> 
     </span>
     <span class='ocr_line' id='line_1_4' title="bbox 152 878 1442 966; baseline 0.002 -23"><span class='ocrx_word' id='word_1_26' title='bbox 152 890 185 943; x_wconf 88' lang='lat' dir='ltr'><strong>et</strong></span> <span class='ocrx_word' id='word_1_27' title='bbox 206 880 359 965; x_wconf 75' lang='lat' dir='ltr'><strong>perpetuis</strong></span> <span class='ocrx_word' id='word_1_28' title='bbox 380 904 400 944; x_wconf 90' lang='lat' dir='ltr'><strong>a</strong></span> <span class='ocrx_word' id='word_1_29' title='bbox 421 878 573 965; x_wconf 76' lang='lat' dir='ltr'>capitibus</span> <span class='ocrx_word' id='word_1_30' title='bbox 595 890 627 943; x_wconf 88' lang='lat' dir='ltr'><strong>et</strong></span> <span class='ocrx_word' id='word_1_31' title='bbox 648 900 723 943; x_wconf 85' lang='lat' dir='ltr'><strong>mox</strong></span> <span class='ocrx_word' id='word_1_32' title='bbox 740 890 940 957; x_wconf 70' lang='lat' dir='ltr'><strong>evanescunt,</strong></span> <span class='ocrx_word' id='word_1_33' title='bbox 957 879 1013 943; x_wconf 82' lang='lat' dir='ltr'><strong>scd</strong></span> <span class='ocrx_word' id='word_1_34' title='bbox 1027 891 1100 943; x_wconf 89' lang='lat' dir='ltr'><strong>sunt</strong></span> <span class='ocrx_word' id='word_1_35' title='bbox 1114 892 1331 964; x_wconf 75' lang='lat' dir='ltr'><strong>permanentes</strong></span> <span class='ocrx_word' id='word_1_36' title='bbox 1344 903 1442 966; x_wconf 81' lang='lat' dir='ltr'><strong>rapo-</strong></span> 
     </span>
     <span class='ocr_line' id='line_1_5' title="bbox 152 968 1442 1071; baseline 0 -22"><span class='ocrx_word' id='word_1_37' title='bbox 152 1008 224 1051; x_wconf 85' lang='lat' dir='ltr'><strong>rum</strong></span> <span class='ocrx_word' id='word_1_38' title='bbox 245 1000 276 1052; x_wconf 88' lang='lat' dir='ltr'><strong>et</strong></span> <span class='ocrx_word' id='word_1_39' title='bbox 297 968 529 1052; x_wconf 84' lang='lat' dir='ltr'><strong>exhalationum</strong></span> <span class='ocrx_word' id='word_1_40' title='bbox 551 987 715 1064; x_wconf 81' lang='lat' dir='ltr'><strong>columnae,</strong></span> <span class='ocrx_word' id='word_1_41' title='bbox 738 1010 758 1050; x_wconf 89' lang='lat' dir='ltr'><strong>s</strong></span> <span class='ocrx_word' id='word_1_42' title='bbox 779 986 931 1071; x_wconf 75' lang='lat' dir='ltr'><strong>capitibus</strong></span> <span class='ocrx_word' id='word_1_43' title='bbox 950 985 1124 1049; x_wconf 86' lang='lat' dir='ltr'><strong>lentissimo</strong></span> <span class='ocrx_word' id='word_1_44' title='bbox 1135 986 1306 1049; x_wconf 83' lang='lat' dir='ltr'><strong>multorum</strong></span> <span class='ocrx_word' id='word_1_45' title='bbox 1320 986 1442 1049; x_wconf 85' lang='lat' dir='ltr'><strong>dierum</strong></span> 
     </span>
     <span class='ocr_line' id='line_1_6' title="bbox 152 1085 1442 1181; baseline 0.002 -26"><span class='ocrx_word' id='word_1_46' title='bbox 152 1104 241 1157; x_wconf 89' lang='lat' dir='ltr'><strong>motu</strong></span> <span class='ocrx_word' id='word_1_47' title='bbox 254 1104 446 1181; x_wconf 84' lang='lat' dir='ltr'><strong>propagatae,</strong></span> <span class='ocrx_word' id='word_1_48' title='bbox 470 1114 550 1178; x_wconf 83' lang='lat' dir='ltr'><strong>ques,</strong></span> <span class='ocrx_word' id='word_1_49' title='bbox 572 1087 789 1176; x_wconf 85' lang='lat' dir='ltr'><strong>participando</strong></span> <span class='ocrx_word' id='word_1_50' title='bbox 803 1102 925 1156; x_wconf 89' lang='lat' dir='ltr'><strong>motum</strong></span> <span class='ocrx_word' id='word_1_51' title='bbox 938 1090 1027 1155; x_wconf 83' lang='lat' dir='ltr'><strong>illum</strong></span> <span class='ocrx_word' id='word_1_52' title='bbox 1043 1092 1181 1176; x_wconf 85' lang='lat' dir='ltr'><strong>capitum</strong></span> <span class='ocrx_word' id='word_1_53' title='bbox 1195 1108 1290 1177; x_wconf 81' lang='lat' dir='ltr'><strong>quem</strong></span> <span class='ocrx_word' id='word_1_54' title='bbox 1303 1085 1442 1157; x_wconf 71' lang='lat' dir='ltr'><strong>habuere</strong></span> 
     </span>
     <span class='ocr_line' id='line_1_7' title="bbox 153 1194 1442 1289; baseline -0.002 -25"><span class='ocrx_word' id='word_1_55' title='bbox 153 1202 212 1266; x_wconf 84' lang='lat' dir='ltr'><strong>sub</strong></span> <span class='ocrx_word' id='word_1_56' title='bbox 226 1203 325 1279; x_wconf 83' lang='lat' dir='ltr'><strong>initio,</strong></span> <span class='ocrx_word' id='word_1_57' title='bbox 340 1223 399 1286; x_wconf 86' lang='lat' dir='ltr'><strong>per</strong></span> <span class='ocrx_word' id='word_1_58' title='bbox 412 1201 508 1265; x_wconf 86' lang='lat' dir='ltr'><strong>eoelos</strong></span> <span class='ocrx_word' id='word_1_59' title='bbox 521 1200 585 1265; x_wconf 79' lang='lat' dir='ltr'><strong>und</strong></span> <span class='ocrx_word' id='word_1_60' title='bbox 599 1223 671 1265; x_wconf 88' lang='lat' dir='ltr'><strong>curn</strong></span> <span class='ocrx_word' id='word_1_61' title='bbox 685 1202 838 1289; x_wconf 77' lang='lat' dir='ltr'><strong>capitibus</strong></span> <span class='ocrx_word' id='word_1_62' title='bbox 848 1194 968 1265; x_wconf 78' lang='lat' dir='ltr'><strong>moveri</strong></span> <span class='ocrx_word' id='word_1_63' title='bbox 982 1214 1128 1288; x_wconf 79' lang='lat' dir='ltr'><strong>pergunt.</strong></span> <span class='ocrx_word' id='word_1_64' title='bbox 1173 1201 1212 1285; x_wconf 56' lang='grc' dir='ltr'><strong>(θ)</strong></span> <span class='ocrx_word' id='word_1_65' title='bbox 1228 1198 1358 1272; x_wconf 83' lang='lat' dir='ltr'><strong>Etlrinc</strong></span> <span class='ocrx_word' id='word_1_66' title='bbox 1371 1221 1442 1262; x_wconf 88' lang='lat' dir='ltr'><strong>rur-</strong></span> 
     </span>
     <span class='ocr_line' id='line_1_8' title="bbox 153 1309 1446 1397; baseline 0 -24"><span class='ocrx_word' id='word_1_67' title='bbox 153 1332 206 1375; x_wconf 86' lang='lat' dir='ltr'><strong>sus</strong></span> <span class='ocrx_word' id='word_1_68' title='bbox 228 1310 385 1397; x_wconf 82' lang='lat' dir='ltr'><strong>colligitur</strong></span> <span class='ocrx_word' id='word_1_69' title='bbox 407 1310 506 1393; x_wconf 81' lang='lat' dir='ltr'><strong>spatia</strong></span> <span class='ocrx_word' id='word_1_70' title='bbox 527 1309 666 1373; x_wconf 81' lang='lat' dir='ltr'><strong>coelestia</strong></span> <span class='ocrx_word' id='word_1_71' title='bbox 683 1311 900 1375; x_wconf 37' lang='lat' dir='ltr'><strong>vivresistendi</strong></span> <span class='ocrx_word' id='word_1_72' title='bbox 913 1311 1059 1387; x_wconf 83' lang='lat' dir='ltr'><strong>destitui3</strong></span> <span class='ocrx_word' id='word_1_73' title='bbox 1080 1322 1191 1395; x_wconf 88' lang='lat' dir='ltr'><strong>utpote</strong></span> <span class='ocrx_word' id='word_1_74' title='bbox 1203 1310 1363 1397; x_wconf 87' lang='lat' dir='ltr'><strong>inquibus</strong></span> <span class='ocrx_word' id='word_1_75' title='bbox 1375 1332 1446 1375; x_wconf 88' lang='lat' dir='ltr'><strong>nou</strong></span> 
     </span>
     <span class='ocr_line' id='line_1_9' title="bbox 154 1416 1441 1501; baseline -0.001 -20"><span class='ocrx_word' id='word_1_76' title='bbox 154 1419 264 1483; x_wconf 51' lang='lat' dir='ltr'><strong>solum*</strong></span> <span class='ocrx_word' id='word_1_77' title='bbox 276 1416 376 1481; x_wconf 90' lang='lat' dir='ltr'><strong>solida</strong></span> <span class='ocrx_word' id='word_1_78' title='bbox 396 1416 592 1499; x_wconf 78' lang='lat' dir='ltr'><strong>planetarum</strong></span> <span class='ocrx_word' id='word_1_79' title='bbox 607 1429 640 1499; x_wconf 81' lang='lat' dir='ltr'><strong>et</strong></span> <span class='ocrx_word' id='word_1_80' title='bbox 652 1427 843 1481; x_wconf 87' lang='lat' dir='ltr'><strong>cometarum</strong></span> <span class='ocrx_word' id='word_1_81' title='bbox 863 1437 1006 1501; x_wconf 88' lang='lat' dir='ltr'><strong>corpora,</strong></span> <span class='ocrx_word' id='word_1_82' title='bbox 1029 1416 1085 1480; x_wconf 84' lang='lat' dir='ltr'><strong>sed</strong></span> <span class='ocrx_word' id='word_1_83' title='bbox 1099 1417 1193 1480; x_wconf 87' lang='lat' dir='ltr'><strong>etiam</strong></span> <span class='ocrx_word' id='word_1_84' title='bbox 1206 1417 1355 1481; x_wconf 77' lang='lat' dir='ltr'><strong>rarissimi</strong></span> <span class='ocrx_word' id='word_1_85' title='bbox 1368 1438 1441 1481; x_wconf 84' lang='lat' dir='ltr'><strong>cau·</strong></span> 
     </span>
     <span class='ocr_line' id='line_1_10' title="bbox 153 1502 1442 1610; baseline 0.002 -23"><span class='ocrx_word' id='word_1_86' title='bbox 153 1524 264 1591; x_wconf 83' lang='lat' dir='ltr'><strong>durum</strong></span> <span class='ocrx_word' id='word_1_87' title='bbox 285 1544 415 1608; x_wconf 86' lang='lat' dir='ltr'><strong>vapores</strong></span> <span class='ocrx_word' id='word_1_88' title='bbox 435 1532 539 1585; x_wconf 88' lang='lat' dir='ltr'><strong>motus</strong></span> <span class='ocrx_word' id='word_1_89' title='bbox 554 1502 851 1589; x_wconf 56' lang='lat' dir='ltr'><strong>suos&#39;reloeissimos</strong></span> <span class='ocrx_word' id='word_1_90' title='bbox 868 1520 1029 1587; x_wconf 72' lang='lat' dir='ltr'><strong>liberrimi</strong></span> <span class='ocrx_word' id='word_1_91' title='bbox 1049 1535 1204 1610; x_wconf 84' lang='lat' dir='ltr'><strong>peragunt</strong></span> <span class='ocrx_word' id='word_1_92' title='bbox 1218 1546 1256 1589; x_wconf 83' lang='lat' dir='ltr'><strong>ae</strong></span> <span class='ocrx_word' id='word_1_93' title='bbox 1269 1523 1442 1590; x_wconf 72' lang='lat' dir='ltr'><strong>diutissime</strong></span> 
     </span>
    </p>
   </div>
   <div class='ocr_carea' id='block_1_3' title="bbox 39 1630 348 1701">
    <p class='ocr_par' dir='ltr' id='par_1_3' title="bbox 39 1630 348 1701">
     <span class='ocr_line' id='line_1_11' title="bbox 39 1630 348 1701; baseline -0.013 -3"><span class='ocrx_word' id='word_1_94' title='bbox 39 1630 42 1636; x_wconf 61' lang='grc'>’</span> <span class='ocrx_word' id='word_1_95' title='bbox 154 1642 348 1701; x_wconf 79' lang='lat' dir='ltr'><strong>conservant.</strong></span> 
     </span>
    </p>
   </div>
   <div class='ocr_carea' id='block_1_4' title="bbox 82 1729 1541 3233">
    <p class='ocr_par' dir='ltr' id='par_1_4' title="bbox 82 1729 1541 3233">
     <span class='ocr_line' id='line_1_12' title="bbox 198 1729 1490 1825; baseline 0.002 -21"><span class='ocrx_word' id='word_1_96' title='bbox 198 1740 373 1804; x_wconf 83' lang='lat' dir='ltr'><strong>Ascensum</strong></span> <span class='ocrx_word' id='word_1_97' title='bbox 386 1736 556 1802; x_wconf 82' lang='lat' dir='ltr'><strong>caudarum</strong></span> <span class='ocrx_word' id='word_1_98' title='bbox 571 1736 842 1823; x_wconf 79' lang='lat' dir='ltr'><strong>exatnmsplraeris</strong></span> <span class='ocrx_word' id='word_1_99' title='bbox 857 1738 1040 1823; x_wconf 81' lang='lat' dir='ltr'><strong>capitumet</strong></span> <span class='ocrx_word' id='word_1_100' title='bbox 1060 1759 1261 1825; x_wconf 84' lang='lat' dir='ltr'><strong>progressum</strong></span> <span class='ocrx_word' id='word_1_101' title='bbox 1282 1740 1443 1823; x_wconf 29' lang='lat' dir='ltr'><strong>infpartes</strong></span> <span class='ocrx_word' id='word_1_102' title='bbox 1488 1729 1490 1733; x_wconf 47' lang='grc'>’</span> 
     </span>
     <span class='ocr_line' id='line_1_13' title="bbox 153 1846 1443 1932; baseline 0.001 -22"><span class='ocrx_word' id='word_1_103' title='bbox 153 1868 174 1910; x_wconf 83' lang='lat' dir='ltr'><strong>a</strong></span> <span class='ocrx_word' id='word_1_104' title='bbox 188 1847 263 1911; x_wconf 87' lang='lat' dir='ltr'><strong>Sole</strong></span> <span class='ocrx_word' id='word_1_105' title='bbox 277 1867 400 1912; x_wconf 82' lang='lat' dir='ltr'><strong>aversos</strong></span> <span class='ocrx_word' id='word_1_106' title='bbox 417 1847 573 1932; x_wconf 88' lang='lat' dir='ltr'><strong>Keplerus</strong></span> <span class='ocrx_word' id='word_1_107' title='bbox 593 1847 719 1913; x_wconf 75' lang='lat' dir='ltr'><strong>ascribit</strong></span> <span class='ocrx_word' id='word_1_108' title='bbox 740 1846 857 1913; x_wconf 79' lang='lat' dir='ltr'><strong>sotiani</strong></span> <span class='ocrx_word' id='word_1_109' title='bbox 876 1847 1037 1911; x_wconf 82' lang='lat' dir='ltr'><strong>radiorum</strong></span> <span class='ocrx_word' id='word_1_110' title='bbox 1056 1848 1136 1911; x_wconf 88' lang='lat' dir='ltr'><strong>lacis</strong></span> <span class='ocrx_word' id='word_1_111' title='bbox 1149 1849 1313 1913; x_wconf 74' lang='lat' dir='ltr'><strong>materiam</strong></span> <span class='ocrx_word' id='word_1_112' title='bbox 1331 1849 1443 1912; x_wconf 87' lang='lat' dir='ltr'><strong>caudae</strong></span> 
     </span>
     <span class='ocr_line' id='line_1_14' title="bbox 101 1955 1442 2043; baseline 0.004 -25"><span class='ocrx_word' id='word_1_113' title='bbox 101 2012 105 2017; x_wconf 83' lang='lat'><em>.</em></span> <span class='ocrx_word' id='word_1_114' title='bbox 153 1976 262 2020; x_wconf 85' lang='lat' dir='ltr'><strong>secum</strong></span> <span class='ocrx_word' id='word_1_115' title='bbox 287 1955 484 2039; x_wconf 82' lang='lat' dir='ltr'><strong>rapientium.</strong></span> <span class='ocrx_word' id='word_1_116' title='bbox 529 1956 573 2020; x_wconf 88' lang='lat' dir='ltr'><strong>Et</strong></span> <span class='ocrx_word' id='word_1_117' title='bbox 595 1976 705 2019; x_wconf 82' lang='lat' dir='ltr'><strong>auram</strong></span> <span class='ocrx_word' id='word_1_118' title='bbox 729 1955 827 2043; x_wconf 73' lang='lat' dir='ltr'><strong>longe</strong></span> <span class='ocrx_word' id='word_1_119' title='bbox 851 1956 1067 2021; x_wconf 85' lang='lat' dir='ltr'><strong>tenuissimam</strong></span> <span class='ocrx_word' id='word_1_120' title='bbox 1091 1958 1126 2021; x_wconf 86' lang='lat' dir='ltr'><strong>iu</strong></span> <span class='ocrx_word' id='word_1_121' title='bbox 1148 1958 1256 2043; x_wconf 87' lang='lat' dir='ltr'><strong>spatiis</strong></span> <span class='ocrx_word' id='word_1_122' title='bbox 1277 1957 1442 2023; x_wconf 81' lang='lat' dir='ltr'><strong>liberrimis</strong></span> 
     </span>
     <span class='ocr_line' id='line_1_15' title="bbox 154 2047 1541 2148; baseline -0.001 -18"><span class='ocrx_word' id='word_1_123' title='bbox 154 2064 271 2130; x_wconf 79' lang='lat' dir='ltr'><strong>actioni</strong></span> <span class='ocrx_word' id='word_1_124' title='bbox 290 2064 451 2127; x_wconf 89' lang='lat' dir='ltr'><strong>radiorum</strong></span> <span class='ocrx_word' id='word_1_125' title='bbox 473 2063 593 2141; x_wconf 86' lang='lat' dir='ltr'><strong>cedere,</strong></span> <span class='ocrx_word' id='word_1_126' title='bbox 618 2062 657 2148; x_wconf 77' lang='lat'><strong>(¹)</strong></span> <span class='ocrx_word' id='word_1_127' title='bbox 672 2084 737 2128; x_wconf 89' lang='lat' dir='ltr'><strong>non</strong></span> <span class='ocrx_word' id='word_1_128' title='bbox 758 2076 806 2129; x_wconf 85' lang='lat' dir='ltr'><strong>est</strong></span> <span class='ocrx_word' id='word_1_129' title='bbox 826 2087 846 2128; x_wconf 86' lang='lat' dir='ltr'><strong>a</strong></span> <span class='ocrx_word' id='word_1_130' title='bbox 866 2063 988 2144; x_wconf 72' lang='lat' dir='ltr'><strong>ratione</strong></span> <span class='ocrx_word' id='word_1_131' title='bbox 1001 2086 1131 2147; x_wconf 88' lang='lat' dir='ltr'><strong>prorsus</strong></span> <span class='ocrx_word' id='word_1_132' title='bbox 1144 2066 1291 2144; x_wconf 80' lang='lat' dir='ltr'><strong>ebenum,</strong></span> <span class='ocrx_word' id='word_1_133' title='bbox 1306 2088 1372 2128; x_wconf 91' lang='lat' dir='ltr'><strong>non</strong></span> <span class='ocrx_word' id='word_1_134' title='bbox 1385 2065 1443 2129; x_wconf 94' lang='lat' dir='ltr'><strong>ob-</strong></span> <span class='ocrx_word' id='word_1_135' title='bbox 1462 2047 1475 2119; x_wconf 60' lang='lat' dir='ltr'>s</span> <span class='ocrx_word' id='word_1_136' title='bbox 1534 2058 1541 2081; x_wconf 89' lang='lat'><em>&#39;</em></span> 
     </span>
     <span class='ocr_line' id='line_1_16' title="bbox 155 2168 1443 2257; baseline 0.001 -22"><span class='ocrx_word' id='word_1_137' title='bbox 155 2182 258 2235; x_wconf 84' lang='lat' dir='ltr'><strong>stante</strong></span> <span class='ocrx_word' id='word_1_138' title='bbox 269 2172 354 2257; x_wconf 89' lang='lat' dir='ltr'><strong>quod</strong></span> <span class='ocrx_word' id='word_1_139' title='bbox 368 2170 548 2242; x_wconf 71' lang='lat' dir='ltr'><strong>substantiis</strong></span> <span class='ocrx_word' id='word_1_140' title='bbox 562 2192 675 2235; x_wconf 73' lang='lat' dir='ltr'><strong>crassas</strong></span> <span class='ocrx_word' id='word_1_141' title='bbox 688 2169 931 2254; x_wconf 77' lang='lat' dir='ltr'><strong>impeditissimis</strong></span> <span class='ocrx_word' id='word_1_142' title='bbox 943 2168 978 2232; x_wconf 92' lang='lat' dir='ltr'><strong>in</strong></span> <span class='ocrx_word' id='word_1_143' title='bbox 992 2170 1174 2256; x_wconf 85' lang='lat' dir='ltr'><strong>regionibus</strong></span> <span class='ocrx_word' id='word_1_144' title='bbox 1185 2171 1301 2235; x_wconf 82' lang='lat' dir='ltr'><strong>nostris</strong></span> <span class='ocrx_word' id='word_1_145' title='bbox 1314 2193 1334 2234; x_wconf 85' lang='lat' dir='ltr'><strong>a</strong></span> <span class='ocrx_word' id='word_1_146' title='bbox 1347 2170 1443 2236; x_wconf 76' lang='lat' dir='ltr'><strong>radiis</strong></span> 
     </span>
     <span class='ocr_line' id='line_1_17' title="bbox 158 2277 1443 2366; baseline -0.005 -19"><span class='ocrx_word' id='word_1_147' title='bbox 158 2282 240 2347; x_wconf 85' lang='lat' dir='ltr'><strong>Solis</strong></span> <span class='ocrx_word' id='word_1_148' title='bbox 263 2281 448 2345; x_wconf 86' lang='lat' dir='ltr'><strong>sensibiliter</strong></span> <span class='ocrx_word' id='word_1_149' title='bbox 471 2279 607 2365; x_wconf 87' lang='lat' dir='ltr'><strong>propelli</strong></span> <span class='ocrx_word' id='word_1_150' title='bbox 629 2291 793 2366; x_wconf 82' lang='lat' dir='ltr'><strong>nequeunt.</strong></span> <span class='ocrx_word' id='word_1_151' title='bbox 840 2279 933 2343; x_wconf 88' lang='lat' dir='ltr'><strong>Alius</strong></span> <span class='ocrx_word' id='word_1_152' title='bbox 958 2280 1127 2364; x_wconf 86' lang='lat' dir='ltr'><strong>particulas</strong></span> <span class='ocrx_word' id='word_1_153' title='bbox 1151 2291 1217 2342; x_wconf 91' lang='lat' dir='ltr'><strong>tam</strong></span> <span class='ocrx_word' id='word_1_154' title='bbox 1240 2279 1323 2342; x_wconf 85' lang='lat' dir='ltr'><strong>leves</strong></span> <span class='ocrx_word' id='word_1_155' title='bbox 1348 2277 1443 2364; x_wconf 72' lang='lat' dir='ltr'><strong>quim</strong></span> 
     </span>
     <span class='ocr_line' id='line_1_18' title="bbox 82 2372 1444 2477; baseline -0.002 -24"><span class='ocrx_word' id='word_1_156' title='bbox 82 2372 84 2391; x_wconf 64' lang='lat'><strong>¹</strong></span> <span class='ocrx_word' id='word_1_157' title='bbox 154 2410 266 2477; x_wconf 81' lang='lat' dir='ltr'><strong>graves</strong></span> <span class='ocrx_word' id='word_1_158' title='bbox 287 2390 356 2453; x_wconf 84' lang='lat' dir='ltr'><strong>dari</strong></span> <span class='ocrx_word' id='word_1_159' title='bbox 375 2410 468 2474; x_wconf 86' lang='lat' dir='ltr'><strong>posse</strong></span> <span class='ocrx_word' id='word_1_160' title='bbox 483 2388 647 2465; x_wconf 76' lang='lat' dir='ltr'><strong>existimat,</strong></span> <span class='ocrx_word' id='word_1_161' title='bbox 671 2399 703 2452; x_wconf 90' lang='lat' dir='ltr'><strong>et</strong></span> <span class='ocrx_word' id='word_1_162' title='bbox 715 2387 877 2451; x_wconf 84' lang='lat' dir='ltr'><strong>materiam</strong></span> <span class='ocrx_word' id='word_1_163' title='bbox 891 2388 1063 2456; x_wconf 82' lang='lat' dir='ltr'><strong>caudarum</strong></span> <span class='ocrx_word' id='word_1_164' title='bbox 1075 2388 1214 2465; x_wconf 82' lang='lat' dir='ltr'><strong>levitate,</strong></span> <span class='ocrx_word' id='word_1_165' title='bbox 1236 2408 1354 2473; x_wconf 84' lang='lat' dir='ltr'><strong>perque</strong></span> <span class='ocrx_word' id='word_1_166' title='bbox 1367 2385 1444 2451; x_wconf 83' lang='lat' dir='ltr'><strong>levi·</strong></span> 
     </span>
     <span class='ocr_line' id='line_1_19' title="bbox 144 2482 1505 2585; baseline -0.001 -22"><span class='ocrx_word' id='word_1_167' title='bbox 144 2482 252 2563; x_wconf 68' lang='lat' dir='ltr'><strong>¹tatem</strong></span> <span class='ocrx_word' id='word_1_168' title='bbox 266 2520 354 2563; x_wconf 83' lang='lat' dir='ltr'><strong>susm</strong></span> <span class='ocrx_word' id='word_1_169' title='bbox 368 2522 388 2562; x_wconf 88' lang='lat' dir='ltr'><strong>a</strong></span> <span class='ocrx_word' id='word_1_170' title='bbox 404 2498 478 2563; x_wconf 89' lang='lat' dir='ltr'><strong>Sole</strong></span> <span class='ocrx_word' id='word_1_171' title='bbox 491 2498 668 2563; x_wconf 86' lang='lat' dir='ltr'><strong>ascendere.</strong></span> <span class='ocrx_word' id='word_1_172' title='bbox 707 2496 790 2561; x_wconf 78' lang='lat' dir='ltr'><strong>Ciam</strong></span> <span class='ocrx_word' id='word_1_173' title='bbox 800 2510 905 2561; x_wconf 85' lang='lat' dir='ltr'><strong>sutem</strong></span> <span class='ocrx_word' id='word_1_174' title='bbox 918 2499 1053 2585; x_wconf 82' lang='lat' dir='ltr'><strong>gravitas</strong></span> <span class='ocrx_word' id='word_1_175' title='bbox 1069 2520 1237 2584; x_wconf 84' lang='lat' dir='ltr'><strong>corporum</strong></span> <span class='ocrx_word' id='word_1_176' title='bbox 1250 2493 1444 2562; x_wconf 84' lang='lat' dir='ltr'><strong>terrestrimn</strong></span> <span class='ocrx_word' id='word_1_177' title='bbox 1495 2559 1505 2581; x_wconf 70' lang='lat'>‚</span> 
     </span>
     <span class='ocr_line' id='line_1_20' title="bbox 155 2603 1530 2690; baseline -0.003 -17"><span class='ocrx_word' id='word_1_178' title='bbox 155 2607 196 2673; x_wconf 87' lang='lat' dir='ltr'><strong>sit</strong></span> <span class='ocrx_word' id='word_1_179' title='bbox 210 2618 247 2672; x_wconf 85' lang='lat' dir='ltr'><strong>ut</strong></span> <span class='ocrx_word' id='word_1_180' title='bbox 260 2604 390 2670; x_wconf 88' lang='lat' dir='ltr'><strong>materia</strong></span> <span class='ocrx_word' id='word_1_181' title='bbox 404 2606 436 2668; x_wconf 92' lang='lat' dir='ltr'><strong>in</strong></span> <span class='ocrx_word' id='word_1_182' title='bbox 452 2604 645 2689; x_wconf 84' lang='lat' dir='ltr'><strong>corporibus,</strong></span> <span class='ocrx_word' id='word_1_183' title='bbox 660 2603 793 2690; x_wconf 76' lang='lat' dir='ltr'><strong>ideoque</strong></span> <span class='ocrx_word' id='word_1_184' title='bbox 808 2603 928 2669; x_wconf 78' lang='lat' dir='ltr'><strong>servati</strong></span> <span class='ocrx_word' id='word_1_185' title='bbox 942 2604 1113 2690; x_wconf 84' lang='lat' dir='ltr'><strong>quantitate</strong></span> <span class='ocrx_word' id='word_1_186' title='bbox 1126 2606 1266 2668; x_wconf 83' lang='lat' dir='ltr'><strong>muteriae</strong></span> <span class='ocrx_word' id='word_1_187' title='bbox 1279 2605 1399 2669; x_wconf 83' lang='lat' dir='ltr'><strong>intendi</strong></span> <span class='ocrx_word' id='word_1_188' title='bbox 1412 2616 1445 2668; x_wconf 90' lang='lat' dir='ltr'><strong>et</strong></span> <span class='ocrx_word' id='word_1_189' title='bbox 1526 2645 1530 2652; x_wconf 44' lang='grc' dir='ltr'><em>ι</em></span> 
     </span>
     <span class='ocr_line' id='line_1_21' title="bbox 155 2702 1506 2806; baseline -0.006 -21"><span class='ocrx_word' id='word_1_190' title='bbox 155 2722 271 2791; x_wconf 82' lang='lat' dir='ltr'><strong>remitti</strong></span> <span class='ocrx_word' id='word_1_191' title='bbox 292 2726 436 2806; x_wconf 82' lang='lat' dir='ltr'><strong>nequeat,</strong></span> <span class='ocrx_word' id='word_1_192' title='bbox 454 2717 594 2802; x_wconf 86' lang='lat' dir='ltr'><strong>suspicor</strong></span> <span class='ocrx_word' id='word_1_193' title='bbox 612 2736 776 2779; x_wconf 86' lang='lat' dir='ltr'><strong>ascensum</strong></span> <span class='ocrx_word' id='word_1_194' title='bbox 796 2714 886 2779; x_wconf 89' lang='lat' dir='ltr'><strong>illum</strong></span> <span class='ocrx_word' id='word_1_195' title='bbox 899 2736 940 2778; x_wconf 84' lang='lat' dir='ltr'><strong>ex</strong></span> <span class='ocrx_word' id='word_1_196' title='bbox 953 2714 1158 2780; x_wconf 83' lang='lat' dir='ltr'><strong>rarefactioue</strong></span> <span class='ocrx_word' id='word_1_197' title='bbox 1175 2716 1315 2781; x_wconf 81' lang='lat' dir='ltr'><strong>materiae</strong></span> <span class='ocrx_word' id='word_1_198' title='bbox 1328 2714 1443 2779; x_wconf 85' lang='lat' dir='ltr'><strong>cauda-</strong></span> <span class='ocrx_word' id='word_1_199' title='bbox 1498 2702 1506 2713; x_wconf 51' lang='lat'>⁵</span> 
     </span>
     <span class='ocr_line' id='line_1_22' title="bbox 156 2822 1442 2913; baseline -0.006 -19"><span class='ocrx_word' id='word_1_200' title='bbox 156 2847 226 2894; x_wconf 84' lang='lat' dir='ltr'><strong>rum</strong></span> <span class='ocrx_word' id='word_1_201' title='bbox 247 2826 352 2913; x_wconf 79' lang='lat' dir='ltr'><strong>potiris</strong></span> <span class='ocrx_word' id='word_1_202' title='bbox 373 2826 458 2892; x_wconf 88' lang='lat' dir='ltr'><strong>oriri.</strong></span> <span class='ocrx_word' id='word_1_203' title='bbox 504 2822 657 2890; x_wconf 88' lang='lat' dir='ltr'><strong>Ascendit</strong></span> <span class='ocrx_word' id='word_1_204' title='bbox 676 2822 779 2888; x_wconf 73' lang='lat' dir='ltr'><strong>fisurus</strong></span> <span class='ocrx_word' id='word_1_205' title='bbox 800 2822 834 2886; x_wconf 87' lang='lat' dir='ltr'><strong>iu</strong></span> <span class='ocrx_word' id='word_1_206' title='bbox 855 2822 980 2886; x_wconf 82' lang='lat' dir='ltr'><strong>camino</strong></span> <span class='ocrx_word' id='word_1_207' title='bbox 992 2822 1130 2908; x_wconf 86' lang='lat' dir='ltr'><strong>impulsu</strong></span> <span class='ocrx_word' id='word_1_208' title='bbox 1144 2823 1225 2887; x_wconf 75' lang='lat' dir='ltr'><strong>aiiris</strong></span> <span class='ocrx_word' id='word_1_209' title='bbox 1240 2824 1291 2888; x_wconf 88' lang='lat' dir='ltr'><strong>cui</strong></span> <span class='ocrx_word' id='word_1_210' title='bbox 1310 2823 1442 2886; x_wconf 84' lang='lat' dir='ltr'><strong>irmatat.</strong></span> 
     </span>
     <span class='ocr_line' id='line_1_23' title="bbox 157 2933 1510 3022; baseline -0.004 -21"><span class='ocrx_word' id='word_1_211' title='bbox 157 2939 224 3001; x_wconf 71' lang='lat' dir='ltr'><strong>Abr</strong></span> <span class='ocrx_word' id='word_1_212' title='bbox 245 2937 298 3000; x_wconf 92' lang='lat' dir='ltr'><strong>ille</strong></span> <span class='ocrx_word' id='word_1_213' title='bbox 320 2959 378 3022; x_wconf 89' lang='lat' dir='ltr'><strong>per</strong></span> <span class='ocrx_word' id='word_1_214' title='bbox 399 2937 535 3002; x_wconf 89' lang='lat' dir='ltr'><strong>calorem</strong></span> <span class='ocrx_word' id='word_1_215' title='bbox 549 2933 716 2998; x_wconf 79' lang='lat' dir='ltr'><strong>rarefacms</strong></span> <span class='ocrx_word' id='word_1_216' title='bbox 731 2933 880 3010; x_wconf 75' lang='lat' dir='ltr'><strong>ascendit,</strong></span> <span class='ocrx_word' id='word_1_217' title='bbox 902 2933 945 2996; x_wconf 95' lang='lat' dir='ltr'><strong>ob</strong></span> <span class='ocrx_word' id='word_1_218' title='bbox 958 2933 1143 2996; x_wconf 88' lang='lat' dir='ltr'><strong>diminutam</strong></span> <span class='ocrx_word' id='word_1_219' title='bbox 1157 2957 1246 2998; x_wconf 84' lang='lat' dir='ltr'><strong>suam</strong></span> <span class='ocrx_word' id='word_1_220' title='bbox 1260 2933 1444 3021; x_wconf 75' lang='lat' dir='ltr'><strong>gravitatem</strong></span> <span class='ocrx_word' id='word_1_221' title='bbox 1504 3011 1510 3022; x_wconf 38' lang='lat'><strong>·</strong></span> 
     </span>
     <span class='ocr_line' id='line_1_24' title="bbox 157 3027 1445 3127; baseline -0.004 -20"><span class='ocrx_word' id='word_1_222' title='bbox 157 3044 345 3127; x_wconf 84' lang='lat' dir='ltr'><strong>specificam,</strong></span> <span class='ocrx_word' id='word_1_223' title='bbox 362 3027 394 3107; x_wconf 81' lang='lat' dir='ltr'><strong>el</strong></span> <span class='ocrx_word' id='word_1_224' title='bbox 407 3041 529 3105; x_wconf 85' lang='lat' dir='ltr'><strong>fumum</strong></span> <span class='ocrx_word' id='word_1_225' title='bbox 543 3039 737 3124; x_wconf 89' lang='lat' dir='ltr'><strong>implicatum</strong></span> <span class='ocrx_word' id='word_1_226' title='bbox 751 3039 833 3125; x_wconf 80' lang='lat' dir='ltr'><strong>rapit</strong></span> <span class='ocrx_word' id='word_1_227' title='bbox 848 3061 964 3108; x_wconf 81' lang='lat' dir='ltr'><strong>secum.</strong></span> <span class='ocrx_word' id='word_1_228' title='bbox 1009 3040 1131 3116; x_wconf 86' lang='lat' dir='ltr'><strong>Quidni</strong></span> <span class='ocrx_word' id='word_1_229' title='bbox 1144 3041 1244 3105; x_wconf 79' lang='lat' dir='ltr'><strong>caude</strong></span> <span class='ocrx_word' id='word_1_230' title='bbox 1258 3051 1388 3104; x_wconf 84' lang='lat' dir='ltr'><strong>cometae</strong></span> <span class='ocrx_word' id='word_1_231' title='bbox 1402 3039 1445 3102; x_wconf 87' lang='lat' dir='ltr'><strong>ad</strong></span> 
     </span>
     <span class='ocr_line' id='line_1_25' title="bbox 156 3143 1472 3233; baseline -0.004 -20"><span class='ocrx_word' id='word_1_232' title='bbox 156 3149 293 3228; x_wconf 87' lang='lat' dir='ltr'><strong>eundem</strong></span> <span class='ocrx_word' id='word_1_233' title='bbox 306 3148 437 3212; x_wconf 89' lang='lat' dir='ltr'><strong>modum</strong></span> <span class='ocrx_word' id='word_1_234' title='bbox 451 3146 625 3212; x_wconf 82' lang='lat' dir='ltr'><strong>ascenderit</strong></span> <span class='ocrx_word' id='word_1_235' title='bbox 640 3169 658 3209; x_wconf 84' lang='lat' dir='ltr'><strong>a</strong></span> <span class='ocrx_word' id='word_1_236' title='bbox 676 3143 775 3212; x_wconf 75' lang='lat' dir='ltr'><strong>uolet</strong></span> <span class='ocrx_word' id='word_1_237' title='bbox 799 3145 882 3210; x_wconf 83' lang='lat' dir='ltr'><strong>Nam</strong></span> <span class='ocrx_word' id='word_1_238' title='bbox 896 3146 976 3210; x_wconf 88' lang='lat' dir='ltr'><strong>radii</strong></span> <span class='ocrx_word' id='word_1_239' title='bbox 990 3147 1106 3211; x_wconf 82' lang='lat' dir='ltr'><strong>solares</strong></span> <span class='ocrx_word' id='word_1_240' title='bbox 1119 3169 1184 3210; x_wconf 91' lang='lat' dir='ltr'><strong>non</strong></span> <span class='ocrx_word' id='word_1_241' title='bbox 1198 3147 1317 3233; x_wconf 76' lang='lat' dir='ltr'><strong>agitarit</strong></span> <span class='ocrx_word' id='word_1_242' title='bbox 1329 3146 1443 3222; x_wconf 82' lang='lat' dir='ltr'><strong>media,</strong></span> <span class='ocrx_word' id='word_1_243' title='bbox 1469 3179 1472 3187; x_wconf 91' lang='lat'><em>·</em></span> 
     </span>
    </p>
   </div>
   <div class='ocr_carea' id='block_1_5' title="bbox 156 3251 1558 3346">
    <p class='ocr_par' dir='ltr' id='par_1_5' title="bbox 156 3251 1558 3346">
     <span class='ocr_line' id='line_1_26' title="bbox 156 3251 1558 3346; baseline -0.006 -26"><span class='ocrx_word' id='word_1_244' title='bbox 156 3276 228 3344; x_wconf 81' lang='lat' dir='ltr'><strong>quoe</strong></span> <span class='ocrx_word' id='word_1_245' title='bbox 242 3267 415 3341; x_wconf 81' lang='lat' dir='ltr'><strong>permeant,</strong></span> <span class='ocrx_word' id='word_1_246' title='bbox 430 3254 491 3318; x_wconf 87' lang='lat' dir='ltr'><strong>nisi</strong></span> <span class='ocrx_word' id='word_1_247' title='bbox 505 3254 539 3316; x_wconf 89' lang='lat' dir='ltr'><strong>in</strong></span> <span class='ocrx_word' id='word_1_248' title='bbox 553 3252 722 3346; x_wconf 61' lang='lat' dir='ltr'><strong>reflexione</strong></span> <span class='ocrx_word' id='word_1_249' title='bbox 736 3263 768 3318; x_wconf 87' lang='lat' dir='ltr'><strong>et</strong></span> <span class='ocrx_word' id='word_1_250' title='bbox 781 3251 975 3318; x_wconf 77' lang='lat' dir='ltr'><strong>refractione.</strong></span> <span class='ocrx_word' id='word_1_251' title='bbox 1021 3252 1187 3318; x_wconf 81' lang='lat' dir='ltr'><strong>Particulae</strong></span> <span class='ocrx_word' id='word_1_252' title='bbox 1201 3251 1393 3318; x_wconf 78' lang='lat' dir='ltr'><strong>reflectentes</strong></span> <span class='ocrx_word' id='word_1_253' title='bbox 1407 3251 1444 3315; x_wconf 78' lang='lat' dir='ltr'><strong>ed</strong></span> <span class='ocrx_word' id='word_1_254' title='bbox 1494 3280 1499 3288; x_wconf 42' lang='grc' dir='ltr'><em>ν</em></span> <span class='ocrx_word' id='word_1_255' title='bbox 1552 3294 1558 3311; x_wconf 53' lang='lat' dir='ltr'><em>s</em></span> 
     </span>
    </p>
   </div>
   <div class='ocr_carea' id='block_1_6' title="bbox 108 3358 1480 4653">
    <p class='ocr_par' dir='ltr' id='par_1_6' title="bbox 108 3358 1480 4653">
     <span class='ocr_line' id='line_1_27' title="bbox 159 3358 1445 3463; baseline -0.006 -33"><span class='ocrx_word' id='word_1_256' title='bbox 159 3358 281 3430; x_wconf 77' lang='lat' dir='ltr'><strong>actiorle</strong></span> <span class='ocrx_word' id='word_1_257' title='bbox 296 3367 454 3432; x_wconf 82' lang='lat' dir='ltr'><strong>calefactae</strong></span> <span class='ocrx_word' id='word_1_258' title='bbox 467 3369 646 3454; x_wconf 71' lang='lat' dir='ltr'><strong>calefaciunt</strong></span> <span class='ocrx_word' id='word_1_259' title='bbox 657 3391 768 3450; x_wconf 83' lang='lat' dir='ltr'><strong>auram</strong></span> <span class='ocrx_word' id='word_1_260' title='bbox 778 3367 946 3434; x_wconf 69' lang='lat' dir='ltr'><strong>ethereum</strong></span> <span class='ocrx_word' id='word_1_261' title='bbox 959 3366 1011 3431; x_wconf 89' lang='lat' dir='ltr'><strong>cui</strong></span> <span class='ocrx_word' id='word_1_262' title='bbox 1023 3365 1232 3450; x_wconf 87' lang='lat' dir='ltr'><strong>implicantur.</strong></span> <span class='ocrx_word' id='word_1_263' title='bbox 1268 3360 1333 3425; x_wconf 73' lang='grc'>1110</span> <span class='ocrx_word' id='word_1_264' title='bbox 1341 3359 1445 3463; x_wconf 78' lang='lat' dir='ltr'><strong>calore</strong></span> 
     </span>
     <span class='ocr_line' id='line_1_28' title="bbox 158 3473 1445 3560; baseline -0.007 -18"><span class='ocrx_word' id='word_1_265' title='bbox 158 3479 218 3542; x_wconf 90' lang='lat' dir='ltr'><strong>sibi</strong></span> <span class='ocrx_word' id='word_1_266' title='bbox 241 3480 470 3544; x_wconf 80' lang='lat' dir='ltr'><strong>communicato</strong></span> <span class='ocrx_word' id='word_1_267' title='bbox 491 3482 625 3560; x_wconf 77' lang='lat' dir='ltr'><strong>rarefiet,</strong></span> <span class='ocrx_word' id='word_1_268' title='bbox 648 3495 680 3546; x_wconf 87' lang='lat' dir='ltr'><strong>et</strong></span> <span class='ocrx_word' id='word_1_269' title='bbox 700 3482 742 3546; x_wconf 84' lang='lat' dir='ltr'><strong>ab</strong></span> <span class='ocrx_word' id='word_1_270' title='bbox 763 3477 948 3546; x_wconf 87' lang='lat' dir='ltr'><strong>diminutam</strong></span> <span class='ocrx_word' id='word_1_271' title='bbox 968 3476 1006 3541; x_wconf 76' lang='lat' dir='ltr'><strong>cd</strong></span> <span class='ocrx_word' id='word_1_272' title='bbox 1020 3476 1145 3543; x_wconf 74' lang='lat' dir='ltr'><strong>mutate</strong></span> <span class='ocrx_word' id='word_1_273' title='bbox 1158 3473 1342 3560; x_wconf 81' lang='lat' dir='ltr'><strong>gravitatem</strong></span> <span class='ocrx_word' id='word_1_274' title='bbox 1356 3489 1445 3533; x_wconf 81' lang='lat' dir='ltr'><strong>suam</strong></span> 
     </span>
     <span class='ocr_line' id='line_1_29' title="bbox 159 3578 1445 3675; baseline -0.005 -25"><span class='ocrx_word' id='word_1_275' title='bbox 159 3587 347 3671; x_wconf 65' lang='lat' dir='ltr'><strong>specificam,</strong></span> <span class='ocrx_word' id='word_1_276' title='bbox 372 3587 433 3675; x_wconf 76' lang='lat' dir='ltr'><strong>qui</strong></span> <span class='ocrx_word' id='word_1_277' title='bbox 454 3589 543 3674; x_wconf 77' lang='lat' dir='ltr'><strong>priris</strong></span> <span class='ocrx_word' id='word_1_278' title='bbox 557 3591 706 3656; x_wconf 85' lang='lat' dir='ltr'><strong>tendebat</strong></span> <span class='ocrx_word' id='word_1_279' title='bbox 719 3592 751 3655; x_wconf 91' lang='lat' dir='ltr'><strong>in</strong></span> <span class='ocrx_word' id='word_1_280' title='bbox 769 3590 884 3666; x_wconf 85' lang='lat' dir='ltr'><strong>Solem,</strong></span> <span class='ocrx_word' id='word_1_281' title='bbox 905 3586 1051 3658; x_wconf 79' lang='lat' dir='ltr'><strong>ascendet</strong></span> <span class='ocrx_word' id='word_1_282' title='bbox 1063 3597 1095 3648; x_wconf 87' lang='lat' dir='ltr'><strong>et</strong></span> <span class='ocrx_word' id='word_1_283' title='bbox 1108 3605 1214 3648; x_wconf 84' lang='lat' dir='ltr'><strong>secum</strong></span> <span class='ocrx_word' id='word_1_284' title='bbox 1228 3582 1329 3665; x_wconf 74' lang='lat' dir='ltr'><strong>rapiet</strong></span> <span class='ocrx_word' id='word_1_285' title='bbox 1347 3578 1445 3664; x_wconf 59' lang='lat' dir='ltr'><strong>partio</strong></span> 
     </span>
     <span class='ocr_line' id='line_1_30' title="bbox 159 3697 1455 3791; baseline -0.004 -27"><span class='ocrx_word' id='word_1_286' title='bbox 159 3701 244 3764; x_wconf 79' lang='lat' dir='ltr'><strong>cules</strong></span> <span class='ocrx_word' id='word_1_287' title='bbox 268 3703 461 3769; x_wconf 75' lang='lat' dir='ltr'><strong>reflectentes</strong></span> <span class='ocrx_word' id='word_1_288' title='bbox 486 3727 527 3768; x_wconf 84' lang='lat' dir='ltr'><strong>ex</strong></span> <span class='ocrx_word' id='word_1_289' title='bbox 552 3705 663 3791; x_wconf 90' lang='lat' dir='ltr'><strong>quibus</strong></span> <span class='ocrx_word' id='word_1_290' title='bbox 685 3705 784 3770; x_wconf 81' lang='lat' dir='ltr'><strong>cauda</strong></span> <span class='ocrx_word' id='word_1_291' title='bbox 805 3700 1021 3786; x_wconf 83' lang='lat' dir='ltr'><strong>componitur:</strong></span> <span class='ocrx_word' id='word_1_292' title='bbox 1047 3697 1090 3762; x_wconf 88' lang='lat' dir='ltr'><strong>ad</strong></span> <span class='ocrx_word' id='word_1_293' title='bbox 1110 3716 1273 3760; x_wconf 84' lang='lat' dir='ltr'><strong>ascensum</strong></span> <span class='ocrx_word' id='word_1_294' title='bbox 1292 3709 1455 3774; x_wconf 74' lang='lat' dir='ltr'><strong>vaporum.</strong></span> 
     </span>
     <span class='ocr_line' id='line_1_31' title="bbox 108 3797 1445 3900; baseline -0.007 -31"><span class='ocrx_word' id='word_1_295' title='bbox 108 3843 110 3848; x_wconf 83' lang='lat'><em>.</em></span> <span class='ocrx_word' id='word_1_296' title='bbox 157 3807 305 3874; x_wconf 86' lang='lat' dir='ltr'><strong>conduoit</strong></span> <span class='ocrx_word' id='word_1_297' title='bbox 326 3797 428 3888; x_wconf 73' lang='lat' dir='ltr'><strong>etiuin,</strong></span> <span class='ocrx_word' id='word_1_298' title='bbox 451 3811 537 3896; x_wconf 86' lang='lat' dir='ltr'><strong>quod</strong></span> <span class='ocrx_word' id='word_1_299' title='bbox 558 3810 593 3875; x_wconf 95' lang='lat' dir='ltr'><strong>hi</strong></span> <span class='ocrx_word' id='word_1_300' title='bbox 612 3824 763 3900; x_wconf 85' lang='lat' dir='ltr'><strong>gyrantur</strong></span> <span class='ocrx_word' id='word_1_301' title='bbox 785 3812 868 3874; x_wconf 86' lang='lat' dir='ltr'><strong>circa</strong></span> <span class='ocrx_word' id='word_1_302' title='bbox 890 3809 996 3874; x_wconf 89' lang='lat' dir='ltr'><strong>Solem</strong></span> <span class='ocrx_word' id='word_1_303' title='bbox 1018 3817 1050 3871; x_wconf 87' lang='lat' dir='ltr'><strong>et</strong></span> <span class='ocrx_word' id='word_1_304' title='bbox 1068 3803 1105 3868; x_wconf 77' lang='lat' dir='ltr'><strong>ei</strong></span> <span class='ocrx_word' id='word_1_305' title='bbox 1125 3804 1245 3868; x_wconf 86' lang='lat' dir='ltr'><strong>actione</strong></span> <span class='ocrx_word' id='word_1_306' title='bbox 1259 3811 1445 3866; x_wconf 78' lang='lat' dir='ltr'><strong>conantura</strong></span> 
     </span>
     <span class='ocr_line' id='line_1_32' title="bbox 162 3905 1443 4007; baseline -0.009 -28"><span class='ocrx_word' id='word_1_307' title='bbox 162 3915 235 3979; x_wconf 90' lang='lat' dir='ltr'><strong>Sole</strong></span> <span class='ocrx_word' id='word_1_308' title='bbox 249 3915 407 3992; x_wconf 76' lang='lat' dir='ltr'><strong>recedere,</strong></span> <span class='ocrx_word' id='word_1_309' title='bbox 421 3927 454 3980; x_wconf 88' lang='lat' dir='ltr'><strong>at</strong></span> <span class='ocrx_word' id='word_1_310' title='bbox 469 3917 549 3982; x_wconf 88' lang='lat' dir='ltr'><strong>Solis</strong></span> <span class='ocrx_word' id='word_1_311' title='bbox 564 3917 772 4002; x_wconf 84' lang='lat' dir='ltr'><strong>atmosphaers</strong></span> <span class='ocrx_word' id='word_1_312' title='bbox 786 3929 818 3982; x_wconf 89' lang='lat' dir='ltr'><strong>et</strong></span> <span class='ocrx_word' id='word_1_313' title='bbox 831 3916 961 3980; x_wconf 82' lang='lat' dir='ltr'><strong>materia</strong></span> <span class='ocrx_word' id='word_1_314' title='bbox 974 3913 1126 4007; x_wconf 78' lang='lat' dir='ltr'><strong>ooelprum</strong></span> <span class='ocrx_word' id='word_1_315' title='bbox 1134 3910 1185 3976; x_wconf 85' lang='lat' dir='ltr'><strong>vel</strong></span> <span class='ocrx_word' id='word_1_316' title='bbox 1198 3906 1292 3992; x_wconf 73' lang='lat' dir='ltr'><strong>plane</strong></span> <span class='ocrx_word' id='word_1_317' title='bbox 1304 3905 1443 3992; x_wconf 86' lang='lat' dir='ltr'><strong>quiescit,</strong></span> 
     </span>
     <span class='ocr_line' id='line_1_33' title="bbox 159 4000 1480 4111; baseline -0.008 -27"><span class='ocrx_word' id='word_1_318' title='bbox 159 4021 209 4084; x_wconf 82' lang='lat' dir='ltr'><strong>vel</strong></span> <span class='ocrx_word' id='word_1_319' title='bbox 223 4034 312 4086; x_wconf 87' lang='lat' dir='ltr'><strong>motu</strong></span> <span class='ocrx_word' id='word_1_320' title='bbox 326 4023 399 4086; x_wconf 88' lang='lat' dir='ltr'><strong>solo·</strong></span> <span class='ocrx_word' id='word_1_321' title='bbox 408 4045 501 4108; x_wconf 85' lang='lat' dir='ltr'><strong>quem</strong></span> <span class='ocrx_word' id='word_1_322' title='bbox 516 4047 535 4086; x_wconf 89' lang='lat' dir='ltr'><strong>s</strong></span> <span class='ocrx_word' id='word_1_323' title='bbox 551 4025 631 4088; x_wconf 87' lang='lat' dir='ltr'><strong>Solis</strong></span> <span class='ocrx_word' id='word_1_324' title='bbox 646 4025 799 4090; x_wconf 87' lang='lat' dir='ltr'><strong>rotatione</strong></span> <span class='ocrx_word' id='word_1_325' title='bbox 814 4022 977 4106; x_wconf 76' lang='lat' dir='ltr'><strong>acceperit,</strong></span> <span class='ocrx_word' id='word_1_326' title='bbox 994 4017 1113 4111; x_wconf 82' lang='lat' dir='ltr'><strong>tardids</strong></span> <span class='ocrx_word' id='word_1_327' title='bbox 1126 4029 1264 4104; x_wconf 82' lang='lat' dir='ltr'><strong>gyratur.</strong></span> <span class='ocrx_word' id='word_1_328' title='bbox 1295 4013 1361 4078; x_wconf 88' lang='lat' dir='ltr'><strong>Hae</strong></span> <span class='ocrx_word' id='word_1_329' title='bbox 1372 4024 1446 4076; x_wconf 91' lang='lat' dir='ltr'><strong>sunt</strong></span> <span class='ocrx_word' id='word_1_330' title='bbox 1471 4000 1480 4018; x_wconf 82' lang='grc'><strong>’</strong></span> 
     </span>
     <span class='ocr_line' id='line_1_34' title="bbox 157 4123 1446 4206; baseline -0.005 -15"><span class='ocrx_word' id='word_1_331' title='bbox 157 4149 263 4192; x_wconf 81' lang='lat' dir='ltr'><strong>ceusae</strong></span> <span class='ocrx_word' id='word_1_332' title='bbox 283 4128 430 4194; x_wconf 74' lang='lat' dir='ltr'><strong>escensis</strong></span> <span class='ocrx_word' id='word_1_333' title='bbox 452 4131 624 4194; x_wconf 77' lang='lat' dir='ltr'><strong>caudarum</strong></span> <span class='ocrx_word' id='word_1_334' title='bbox 644 4132 677 4194; x_wconf 93' lang='lat' dir='ltr'><strong>in</strong></span> <span class='ocrx_word' id='word_1_335' title='bbox 699 4131 811 4194; x_wconf 74' lang='lat' dir='ltr'><strong>vicinii</strong></span> <span class='ocrx_word' id='word_1_336' title='bbox 835 4129 927 4206; x_wconf 82' lang='lat' dir='ltr'><strong>Solis,</strong></span> <span class='ocrx_word' id='word_1_337' title='bbox 949 4127 1005 4191; x_wconf 88' lang='lat' dir='ltr'><strong>ubi</strong></span> <span class='ocrx_word' id='word_1_338' title='bbox 1026 4127 1118 4191; x_wconf 84' lang='lat' dir='ltr'><strong>orbes</strong></span> <span class='ocrx_word' id='word_1_339' title='bbox 1138 4123 1294 4186; x_wconf 86' lang='lat' dir='ltr'><strong>curviores</strong></span> <span class='ocrx_word' id='word_1_340' title='bbox 1309 4132 1391 4198; x_wconf 75' lang='lat' dir='ltr'><strong>sunt,</strong></span> <span class='ocrx_word' id='word_1_341' title='bbox 1414 4131 1446 4184; x_wconf 89' lang='lat' dir='ltr'><strong>et</strong></span> 
     </span>
     <span class='ocr_line' id='line_1_35' title="bbox 161 4228 1446 4323; baseline -0.009 -23"><span class='ocrx_word' id='word_1_342' title='bbox 161 4248 291 4300; x_wconf 79' lang='lat' dir='ltr'><strong>cometae</strong></span> <span class='ocrx_word' id='word_1_343' title='bbox 305 4237 387 4301; x_wconf 89' lang='lat' dir='ltr'><strong>intra</strong></span> <span class='ocrx_word' id='word_1_344' title='bbox 401 4237 578 4302; x_wconf 88' lang='lat' dir='ltr'><strong>densiorem</strong></span> <span class='ocrx_word' id='word_1_345' title='bbox 593 4249 624 4302; x_wconf 87' lang='lat' dir='ltr'><strong>et</strong></span> <span class='ocrx_word' id='word_1_346' title='bbox 639 4237 675 4302; x_wconf 75' lang='lat' dir='ltr'><strong>eal</strong></span> <span class='ocrx_word' id='word_1_347' title='bbox 696 4237 816 4302; x_wconf 86' lang='lat' dir='ltr'><strong>ratione</strong></span> <span class='ocrx_word' id='word_1_348' title='bbox 829 4235 1005 4323; x_wconf 79' lang='lat' dir='ltr'><strong>graviorem</strong></span> <span class='ocrx_word' id='word_1_349' title='bbox 1022 4232 1107 4298; x_wconf 84' lang='lat' dir='ltr'><strong>Solis</strong></span> <span class='ocrx_word' id='word_1_350' title='bbox 1117 4228 1357 4314; x_wconf 84' lang='lat' dir='ltr'><strong>atmosphaeram</strong></span> <span class='ocrx_word' id='word_1_351' title='bbox 1371 4249 1446 4292; x_wconf 79' lang='lat' dir='ltr'><strong>oon·</strong></span> 
     </span>
     <span class='ocr_line' id='line_1_36' title="bbox 161 4335 1447 4431; baseline -0.008 -25"><span class='ocrx_word' id='word_1_352' title='bbox 161 4343 284 4419; x_wconf 85' lang='lat' dir='ltr'><strong>sistunt,</strong></span> <span class='ocrx_word' id='word_1_353' title='bbox 308 4356 340 4406; x_wconf 86' lang='lat' dir='ltr'><strong>et</strong></span> <span class='ocrx_word' id='word_1_354' title='bbox 360 4343 475 4407; x_wconf 80' lang='lat' dir='ltr'><strong>caudes</strong></span> <span class='ocrx_word' id='word_1_355' title='bbox 497 4342 590 4429; x_wconf 76' lang='lat' dir='ltr'><strong>quim</strong></span> <span class='ocrx_word' id='word_1_356' title='bbox 611 4344 806 4431; x_wconf 78' lang='lat' dir='ltr'><strong>longissimas</strong></span> <span class='ocrx_word' id='word_1_357' title='bbox 827 4365 903 4406; x_wconf 85' lang='lat' dir='ltr'><strong>mox</strong></span> <span class='ocrx_word' id='word_1_358' title='bbox 923 4342 1079 4406; x_wconf 81' lang='lat' dir='ltr'><strong>emitamt</strong></span> <span class='ocrx_word' id='word_1_359' title='bbox 1127 4338 1212 4400; x_wconf 84' lang='lat' dir='ltr'><strong>Nam</strong></span> <span class='ocrx_word' id='word_1_360' title='bbox 1233 4335 1353 4412; x_wconf 86' lang='lat' dir='ltr'><strong>caudoe,</strong></span> <span class='ocrx_word' id='word_1_361' title='bbox 1376 4357 1447 4420; x_wconf 77' lang='lat' dir='ltr'><strong>quae</strong></span> 
     </span>
     <span class='ocr_line' id='line_1_37' title="bbox 161 4441 1447 4532; baseline -0.008 -16"><span class='ocrx_word' id='word_1_362' title='bbox 161 4464 236 4516; x_wconf 91' lang='lat' dir='ltr'><strong>tunc</strong></span> <span class='ocrx_word' id='word_1_363' title='bbox 251 4465 429 4530; x_wconf 86' lang='lat' dir='ltr'><strong>nascuntur,</strong></span> <span class='ocrx_word' id='word_1_364' title='bbox 453 4445 666 4517; x_wconf 86' lang='lat' dir='ltr'><strong>conservando</strong></span> <span class='ocrx_word' id='word_1_365' title='bbox 681 4467 801 4517; x_wconf 89' lang='lat' dir='ltr'><strong>motum</strong></span> <span class='ocrx_word' id='word_1_366' title='bbox 816 4475 908 4516; x_wconf 92' lang='lat' dir='ltr'><strong>suum</strong></span> <span class='ocrx_word' id='word_1_367' title='bbox 923 4464 954 4516; x_wconf 91' lang='lat' dir='ltr'><strong>et</strong></span> <span class='ocrx_word' id='word_1_368' title='bbox 968 4452 1087 4514; x_wconf 87' lang='lat' dir='ltr'><strong>interea</strong></span> <span class='ocrx_word' id='word_1_369' title='bbox 1101 4468 1208 4510; x_wconf 85' lang='lat' dir='ltr'><strong>versus</strong></span> <span class='ocrx_word' id='word_1_370' title='bbox 1225 4441 1331 4510; x_wconf 76' lang='lat' dir='ltr'><strong>Solem</strong></span> <span class='ocrx_word' id='word_1_371' title='bbox 1344 4443 1447 4532; x_wconf 70' lang='lat' dir='ltr'><strong>gravi-</strong></span> 
     </span>
     <span class='ocr_line' id='line_1_38' title="bbox 161 4553 1448 4653; baseline -0.009 -29"><span class='ocrx_word' id='word_1_372' title='bbox 161 4557 268 4634; x_wconf 83' lang='lat' dir='ltr'><strong>tando,</strong></span> <span class='ocrx_word' id='word_1_373' title='bbox 292 4559 500 4622; x_wconf 89' lang='lat' dir='ltr'><strong>movebuntur</strong></span> <span class='ocrx_word' id='word_1_374' title='bbox 521 4561 603 4624; x_wconf 87' lang='lat' dir='ltr'><strong>circa</strong></span> <span class='ocrx_word' id='word_1_375' title='bbox 626 4559 732 4626; x_wconf 85' lang='lat' dir='ltr'><strong>Solem</strong></span> <span class='ocrx_word' id='word_1_376' title='bbox 753 4561 786 4623; x_wconf 92' lang='lat' dir='ltr'><strong>in</strong></span> <span class='ocrx_word' id='word_1_377' title='bbox 805 4559 969 4653; x_wconf 69' lang='lat' dir='ltr'><strong>&#39;ellipsibus</strong></span> <span class='ocrx_word' id='word_1_378' title='bbox 991 4579 1050 4641; x_wconf 91' lang='lat' dir='ltr'><strong>pro</strong></span> <span class='ocrx_word' id='word_1_379' title='bbox 1064 4577 1152 4617; x_wconf 92' lang='lat' dir='ltr'><strong>more</strong></span> <span class='ocrx_word' id='word_1_380' title='bbox 1170 4553 1315 4637; x_wconf 89' lang='lat' dir='ltr'><strong>capitum,</strong></span> <span class='ocrx_word' id='word_1_381' title='bbox 1339 4566 1370 4616; x_wconf 89' lang='lat' dir='ltr'><strong>et</strong></span> <span class='ocrx_word' id='word_1_382' title='bbox 1390 4572 1448 4634; x_wconf 88' lang='lat' dir='ltr'><strong>per</strong></span> 
     </span>
    </p>
   </div>
   <div class='ocr_carea' id='block_1_7' title="bbox 192 4717 1363 4866">
    <p class='ocr_par' dir='ltr' id='par_1_7' title="bbox 192 4717 1363 4866">
     <span class='ocr_line' id='line_1_39' title="bbox 192 4717 1363 4796; baseline -0.011 -15"><span class='ocrx_word' id='word_1_383' title='bbox 192 4731 231 4796; x_wconf 57' lang='lat' dir='ltr'><strong>(t)</strong></span> <span class='ocrx_word' id='word_1_384' title='bbox 244 4732 258 4760; x_wconf 86' lang='lat'><strong>·</strong></span> <span class='ocrx_word' id='word_1_385' title='bbox 271 4731 369 4778; x_wconf 67' lang='lat' dir='ltr'><strong>nuta</strong></span> <span class='ocrx_word' id='word_1_386' title='bbox 378 4729 462 4778; x_wconf 61' lang='lat' dir='ltr'><strong>mrsu,</strong></span> <span class='ocrx_word' id='word_1_387' title='bbox 472 4733 593 4791; x_wconf 67' lang='lat' dir='ltr'><strong>cauea.</strong></span> <span class='ocrx_word' id='word_1_388' title='bbox 640 4731 762 4792; x_wconf 69' lang='lat' dir='ltr'><strong>Legamus</strong></span> <span class='ocrx_word' id='word_1_389' title='bbox 772 4717 825 4792; x_wconf 63' lang='lat' dir='ltr'><strong>qua</strong></span> <span class='ocrx_word' id='word_1_390' title='bbox 835 4729 898 4778; x_wconf 65' lang='lat' dir='ltr'><strong>aaa</strong></span> <span class='ocrx_word' id='word_1_391' title='bbox 908 4728 998 4778; x_wconf 70' lang='lat' dir='ltr'><strong>sustu</strong></span> <span class='ocrx_word' id='word_1_392' title='bbox 1009 4726 1097 4776; x_wconf 67' lang='lat' dir='ltr'><strong>sessus</strong></span> <span class='ocrx_word' id='word_1_393' title='bbox 1113 4727 1182 4789; x_wconf 69' lang='grc' dir='ltr'><strong>Ριομ</strong></span> <span class='ocrx_word' id='word_1_394' title='bbox 1197 4727 1244 4776; x_wconf 72' lang='lat' dir='ltr'><strong>xl</strong></span> <span class='ocrx_word' id='word_1_395' title='bbox 1258 4725 1311 4773; x_wconf 72' lang='lat' dir='ltr'><strong>uia</strong></span> <span class='ocrx_word' id='word_1_396' title='bbox 1328 4723 1363 4770; x_wconf 91' lang='lat'><strong>11.</strong></span> 
     </span>
     <span class='ocr_line' id='line_1_40' title="bbox 194 4796 797 4866; baseline -0.007 -19"><span class='ocrx_word' id='word_1_397' title='bbox 194 4796 231 4860; x_wconf 76' lang='lat'><strong>(¹)</strong></span> <span class='ocrx_word' id='word_1_398' title='bbox 243 4798 257 4826; x_wconf 77' lang='grc'><strong>”</strong></span> <span class='ocrx_word' id='word_1_399' title='bbox 270 4797 328 4844; x_wconf 81' lang='lat' dir='ltr'><strong>Noa</strong></span> <span class='ocrx_word' id='word_1_400' title='bbox 338 4804 370 4844; x_wconf 81' lang='lat' dir='ltr'><strong>est</strong></span> <span class='ocrx_word' id='word_1_401' title='bbox 380 4811 395 4842; x_wconf 83' lang='lat' dir='ltr'><strong>a</strong></span> <span class='ocrx_word' id='word_1_402' title='bbox 405 4798 493 4843; x_wconf 79' lang='lat' dir='ltr'><strong>ratione</strong></span> <span class='ocrx_word' id='word_1_403' title='bbox 500 4809 596 4866; x_wconf 66' lang='lat' dir='ltr'><strong>prorw</strong></span> <span class='ocrx_word' id='word_1_404' title='bbox 606 4797 709 4844; x_wconf 72' lang='grc'>0111110111</span> <span class='ocrx_word' id='word_1_405' title='bbox 721 4797 797 4859; x_wconf 76' lang='lat'>(165).</span> 
     </span>
    </p>
   </div>
   <div class='ocr_carea' id='block_1_8' title="bbox 0 0 1713 5675">
    <p class='ocr_par' dir='ltr' id='par_1_8' title="bbox 0 0 1713 5675">
     <span class='ocr_line' id='line_1_41' title="bbox 0 0 1713 5675; baseline 0 0"><span class='ocrx_word' id='word_1_406' title='bbox 0 0 1713 5675; x_wconf 95' lang='lat' dir='ltr'><strong> </strong></span> 
     </span>
    </p>
   </div>
  </div>
 </body>
</html>
