3392 5675
245 494 306 551 aa
545 459 888 549 rumosorinra
909 477 1185 549 1111111111
1216 424 1530 580 [nauantem.

230 660 341 751 ‘1573,
358 655 464 719 mense
477 653 629 718 Jauuario
641 652 745 717 minor
755 665 823 717 erat
833 654 913 719 Jove
921 664 953 717 et
962 648 1066 739 major
1074 652 1167 732 Sirio,
1176 656 1229 718 cui
1242 656 1276 718 in
1289 655 1353 719 fine
1368 654 1533 719 Februarii

243 773 276 827 et
295 761 408 827 Martii
430 760 519 825 initio
539 761 637 825 evasit
659 762 798 847 aequalis.
843 761 958 827 Mense
982 761 1084 845 Aprili
1103 758 1135 825 et
1156 760 1253 825 Maio'
1269 762 1364 825 stellis
1386 762 1534 826 secundm

243 868 476 956 magnitudinis»,
491 867 598 945 erio‚
614 868 701 933 Julio
714 880 747 933 et
758 868 905 955 Augusto
917 869 1015 933 stellis
1029 866 1132 933 tertioe'
1142 869 1376 956 magnimdinis,
1391 871 1533 954 Septem-

245 976 305 1051 bri,
329 974 464 1039 Octobri
482 987 515 1039 et
528 974 709 1041 'Novembri
730 974 826 1038 stellis
848 977 978 1061 quartae,
1002 974 1175 1039 Decembri
1187 986 1221 1040 et
1233 975 1310 1039 anni
1331 982 1413 1044 1574
1427 998 1534 1040 mense

246 1082 397 1147 Januario
417 1082 517 1161 stellis
536 1082 664 1167 quintae,
685 1092 720 1176 et
738 1080 1047 1151 menseFebruario
1075 1072 1172 1145 stellis
1193 1092 1290 1145 sextae
1309 1082 1533 1169 magnitudinis

246 1190 380 1277 aequalis.
396 1190 569 1267 videbatur,
594 1202 626 1253 et
647 1194 757 1253 mense
783 1188 905 1253 Martio
925 1212 967 1254 ex
991 1192 1091 1255 oculis
1109 1184 1254 1255 >evanuit'
1300 1192 1398 1258 Color
1421 1190 1469 1255 illi
1492 1192 1534 1256 ab

247 1299 336 1365 initio
357 1298 468 1375 clarus,
490 1297 627 1363 albicans
648 1318 686 1361 ac
706 1295 899 1381 splendidus,
920 1307 1031 1381 postea
1049 1298 1157 1377 flavus,
1180 1312 1213 1363 et
1232 1300 1308 1363 anni
1329 1308 1413 1369 1573
1428 1324 1535 1367 menae

248 1405 370 1471 Martio
382 1402 758 1470 rutilans-instarMartis
772 1415 827 1467 aut
841 1403 941 1468 stellae
955 1404 1150 1483 Aldebaran,
1174 1406 1265 1471 Maio
1278 1422 1384 1471 autem
1397 1408 1536 1473 altitudi-

247 1534 333 1577 nem-
346 1509 531 1575 subliridam
551 1509 697 1587 1111111111,Ι
712 1509 837 1595 qualem
859 1510 895 1573 iu
921 1511 1058 1575 Saturno
1082 1512 1249 1590 cernimus,
1280 1536 1375 1599 quem
1388 1516 1537 1578 ‚colorem

248 1640 347 1705 usque
368 1612 513 1681 inlinere
534 1617 676 1694 servavit,
700 1622 823 1701 semper
836 1617 1120 1682 tamenobscurior
1133 1619 1223 1683 facta.
1241 1667 1245 1672 -
1268 1617 1357 1685 Talis
1370 1621 1465 1685 etiam
1478 1620 1538 1685 ibit

248 1730 337 1793 stella
358 1730 391 1791 in
406 1728 518 1793 dextro
538 1728 619 1813 peda
636 1728 838 1813 Serpentarii,
854 1750 949 1814 quam
965 1728 1097 1812 Kepleri
1110 1728 1256 1813 discipuli
1269 1751 1354 1793 anno
1369 1738 1465 1806 1601,
1486 1729 1539 1793 die

249 1848 292 1903 30
314 1839 506 1925 Septembris
528 1850 565 1903 st
580 1851 642 1903 vet.
658 1860 810 1923 apparere
819 1834 956 1923 'coepisse
970 1833 1189 1915 observarunt,
1209 1834 1242 1901 et
1261 1837 1403 1903 1100111
1417 1817 1540 1901 stellam

248 1949 269 2013 J
270 1948 336 2012 ovis
351 1969 522 2033 superasse,
546 1946 619 2011 clun
633 1944 725 2011 nocte
738 1947 937 2031 precedente
951 1945 1080 2010 minime
1093 1946 1298 2031 apparuisset
1343 1947 1397 2011 Ab
1410 1970 1452 2011 eo
1463 1946 1539 2011 verb

248 2053 392 2141 ternpore
401 2050 557 2139 'paulatim
571 2056 718 2131 decrevit,
735 2066 768 2119 et
782 2056 884 2139 spatio
897 2050 1246 2139 mensium'quindecim
1259 2054 1311 2117 vel
1326 2053 1486 2119 sexdecim
1499 2075 1542 2117 ex

249 2162 348 2227 oculis
370 2162 504 2225 evanuit.
557 2160 631 2225 Tali
649 2160 747 2225 ¹etiam
762 2160 857 2226 'stelld
877 2159 960 2225 novi
981 2160 1227 2245 supramodum
1248 2160 1433 2243 splendente
1456 2160 1542 2243 Hip-

233 2268 386 2353 qtarchus
408 2267 449 2331 ad
471 2268 552 2331 fixas
574 2266 785 2331 observandas
799 2277 831 2329 et
852 2266 886 2329 in
900 2266 1079 2352 catalogum
1091 2264 1270 2331 referendas
1284 2267 1435 2331 excitatus
1448 2266 1543 2331 fuisse

251 2378 374 2452 dicitur.
421 2378 486 2443 Sed
499 2374 584 2453 fixte,
598 2398 672 2461 quae
686 2396 744 2459 per
757 2374 842 2441 vices
856 2372 1008 2458 apparent
1020 2386 1055 2452 et
1068 2386 1267 2452 evanescunt,
1288 2397 1421 2461 quaeque
1434 2373 1543 2461 paula-

251 2487 310 2551 tim
323 2484 478 2563 crescunt,
501 2499 533 2559 et
553 2486 624 2551 luce
639 2484 695 2549 sud
705 2484 791 2547 'lixas
805 2485 908 2548 tertiae
922 2482 1145 2569 magnitudinis
1159 2480 1367 2569 vix'unquam
1381 2496 1542 2568 superant,
1564 2490 1567 2494 ’
1682 2451 1683 2532 l

251 2592 397 2657 videntur
418 2614 486 2659 esse
507 2592 631 2679 generis
652 2591 789 2672 alterius,
813 2601 845 2655 et
859 2589 1050 2654 revolvendo
1071 2602 1195 2673 partem
1214 2590 1353 2653 lucidam
1368 2602 1401 2655 et
1420 2603 1544 2675 partem
1681 2624 1684 2645 r

252 2702 418 2767 obscuram
438 2726 496 2788 per
517 2703 601 2767 vices
621 2701 802 2765 ostendere:
827 2724 830 2731 ’
855 2700 998 2783 Vapores
1019 2710 1137 2777 autem,
1161 2698 1216 2785 qui
1237 2722 1279 2763 ex
1304 2699 1379 2764 Sole
1399 2711 1431 2762 et
1448 2701 1545 2765 stellis

253 2808 325 2874 fixis
340 2819 372 2874 et
387 2808 494 2874 caudis
508 2819 700 2872 cometarum
715 2808 871 2884 oriuntur,
886 2804 1025 2870 incidere
1038 2802 1242 2891 possunt-per
1254 2806 1441 2893 gravitatem
1455 2829 1544 2874 suam

253 2919 288 2980 iu
309 2919 533 3002 atmosphaeras
547 2913 753 3002 ‘planetarum
775 2929 807 2981 et
831 2917 877 2985 ibi
900 2915 1086 2980 condensari
1106 2929 1139 2982 et
1163 2909 1303 2983 converti
1324 2918 1358 2980 in
1380 2941 1494 3005 aquam
1514 2930 1546 2984 et

256 3022 383 3106 spiritus
397 3022 555 3099 humidos,
573 3034 604 3086 et
620 3022 752 3113 subinde
765 3044 824 3106 per
837 3023 958 3111 lentum
973 3023 1109 3086 calorem
1122 3019 1160 3086 in'
1172 3025 1262 3101 sales,
1284 3036 1317 3088 et
1330 3024 1492 3109 sulphura,
1513 3038 1543 3090 et

256 3129 425 3206 tincturas,¹
436 3140 467 3192 et
481 3129 601 3206 limum,
617 3146 649 3192 et
661 3129 772 3206 lutum,
790 3139 821 3194 et
835 3129 988 3216 argillam,
1000 3142 1033 3193 et
1041 3151 1179 3209 arenam,
1191 3143 1223 3196 et
1235 3131 1364 3216 lapides,
1378 3133 1546 3211 1110111111,

257 3246 288 3302 et
303 3235 489 3302 substantias
504 3235 581 3302 alias
596 3246 757 3302 terrestres
772 3233 925 3321 paulatim
938 3235 1085 3323 migrare.
1101 3320 1104 3325 .

633 3505 887 3574 SCHOLIUM
910 3448 1177 3586 GENERALE.

277 3711 279 3716 '
304 3699 343 3788 (‘)
367 3701 564 3788 Hypothesis
585 3702 739 3768 vorticum
759 3702 866 3767 multis
887 3701 1042 3796 premitur
1062 3662 1303 3766 difficultatibus.
1354 3701 1402 3766 Ut
1421 3701 1546 3784 planeta

261 3812 475 3898 unusquisque
496 3813 585 3876 radio
605 3813 646 3876 ad
674 3812 778 3878 Solem
805 3812 901 3876 ducto
925 3835 1012 3877 areas
1034 3811 1189 3876 describat
1213 3813 1348 3897 tempori
1371 3811 1549 3896 proportio-

259 3917 357 3996 naleS,
388 3909 529 4002 tempora
562 3917 721 4004 periodica
750 3919 888 4002 partium
915 3918 1041 3982 vorticis
1066 3917 1217 3982 deberent
1245 3939 1313 3981 esse
1334 3918 1369 3980 in
1390 3914 1549 4001 duplicati

262 4017 386 4090 ratione
415 4025 633 4090 distantiarum
646 4096 648 4104 ,
663 4049 683 4089 a
712 4026 794 4090 Sole.
822 4087 825 4094 ,
857 4026 905 4091 Ut
924 4020 1084 4112 periodica
1104 4025 1462 4109 planetarumtempora
1491 4024 1553 4086 sint
1682 3998 1684 4053 3

259 4131 294 4193 in
314 4132 518 4217 proportione
540 4131 755 4218 sesquiplicati
770 4132 987 4196 distantiarum
1002 4156 1021 4195 a
1037 4132 1120 4209 Sole,
1143 4127 1288 4217 tempora
1298 4131 1459 4215 periodica
1470 4151 1552 4214 par·
1682 4188 1683 4217 ἶ

261 4238 341 4302 tium
368 4239 493 4304 vorticis
519 4239 669 4304 deberent
697 4263 764 4304 esse
792 4239 826 4302 in
851 4239 1069 4326 sesquiplicati
1093 4239 1312 4304 distantiarum
1336 4240 1550 4323 proportione.
1681 4282 1683 4309 ,

263 4343 311 4410 Ut
325 4347 457 4410 vortices
472 4347 608 4410 minores
623 4346 740 4410 circum
754 4347 934 4424 Saturnum,
947 4348 1058 4410 Jovem
1073 4357 1104 4408 et
1118 4345 1195 4409 alios
1209 4346 1349 4431 planetas
1364 4346 1551 4433 gyraticon-

263 4462 425 4515 serventur
439 4463 470 4514 et
484 4451 649 4538 tranquille
664 4463 772 4515 natent
792 4451 825 4514 in
840 4453 958 4515 vortice
974 4449 1066 4527 Solis,
1082 4461 1229 4539 *tempora
1243 4449 1403 4534 periodica
1416 4451 1551 4534 partium

268 4543 398 4621 vorticis
409 4555 517 4620 solaris
532 4557 682 4622 deberent
695 4580 763 4622 esse
777 4557 919 4645 aequalia.
965 4556 1189 4622 Revolutiones
1205 4557 1287 4622 Solis
1301 4570 1333 4622 et
1354 4557 1551 4642 planetarum

189 4813 194 4824 ι
266 4725 673 4854 er(diairgyiiibheiiljimm'
709 4725 1064 4794 (Prop.1.11,1,iu11.cum
1083 4725 1170 4821 Coreli.
1189 4725 1267 4775 Sebol.
1285 4726 1356 4789 Prop.
1370 4726 1428 4775 XL.
1444 4726 1499 4775 Lib.
1514 4724 1553 4803 Ii·
1614 4769 1617 4781 ,
