3392 5675
268 500 329 557 116
583 491 920 559 PHILOSOPHIAE
943 492 1212 557 NATURALIS
1244 490 1440 571 [DnMunn
1453 492 1549 555 Srsr.

266 662 358 725 situm
382 660 551 725 ancillando
575 682 697 745 semper
719 662 840 727 redibit
886 664 1033 727 Attamen
1055 662 1271 737 oscillationes,
1296 661 1339 724 ob
1360 662 1547 752 parvitatem

266 766 376 829 virium
386 764 568 850 agitantium
579 777 681 829 esseut
690 766 783 851 longe
793 766 992 829 tardissimoet
1008 765 1088 830 adeb
1103 779 1138 830 ut
1152 765 1244 829 facies
1255 765 1316 841 illa,
1329 787 1401 849 quae
1412 764 1547 828 Terram

266 895 387 957 semper
411 875 563 958 respicere
589 873 725 950 deberet,
751 875 851 957 possit
874 874 1005 937 alterum
1030 875 1115 937 orbis
1141 873 1257 937 lunaris
1281 872 1462 935 umbilicum
1487 873 1546 955 (ob

265 983 414 1048 rationem
427 982 461 1044 in
477 981 702 1066 Prop.·XV11.
718 982 855 1061 allatam
879 983 1042 1066 respicere,
1065 1003 1165 1068 neque
1180 981 1282 1044 statim
1296 980 1409 1044 abinde
1426 980 1543 1044 retrahi

265 1099 296 1153 et
309 1088 342 1151 iu
357 1088 487 1152 Terram
503 1087 648 1153 converti.

791 1261 966 1327 LEMMA
989 1262 1015 1326 Ι.

264 1433 300 1496 Si
314 1433 344 1495 A
356 1432 382 1495 Ρ
393 1430 422 1495 Ε
434 1432 462 1494 Ρ
476 1453 498 1514 p
518 1432 642 1495 Terram
657 1433 790 1515 designet
803 1434 994 1515 nnfformiter
1007 1436 1136 1507 demam,
1152 1440 1308 1513 centroqac
1324 1430 1352 1493 C
1366 1440 1396 1492 et
1403 1432 1485 1511 polis
1501 1430 1540 1505 P,

305 1560 328 1621 p
342 1547 371 1599 et
385 1548 535 1621 aequatorc
548 1538 619 1601 ΑΕ
634 1540 834 1612 delineatam·
858 1526 930 1604 etei
942 1550 1042 1603 centro
1057 1540 1085 1603 C
1097 1542 1188 1603 radio
1204 1539 1232 1603 C
1248 1540 1275 1603 P
1290 1539 1415 1601 describi
1430 1540 1543 1599 intelli·

302 1656 395 1728 gatur
408 1647 524 1726 spirare
541 1645 602 1708 Pa
615 1668 637 1729 p
652 1668 687 1721 e3
709 1649 749 1709 sit
773 1658 870 1709 antem
885 1647 919 1721 Q
935 1646 966 1710 R
985 1624 1126 1729 planam·
1146 1648 1195 1708 cni
1209 1656 1290 1708 recta
1304 1668 1324 1706 a
1343 1655 1443 1707 centro
1464 1644 1543 1707 Solis

305 1752 349 1813 ad
367 1760 495 1811 centnm
515 1750 619 1813 Teme
643 1754 730 1813 ducta
752 1755 927 1816 normaliter
941 1754 1074 1825 insistit,·
1098 1762 1127 1815 et
1146 1752 1250 1821 Terra
1274 1754 1364 1815 totitas
1386 1751 1543 1814 exterioris

307 1856 390 1939 Pap
403 1855 471 1920 ΑΡ
482 1877 532 1939 ep
545 1856 583 1934 E,
600 1878 666 1939 qna
679 1860 796 1941 splaera
811 1856 896 1921 modi
910 1858 1059 1940 descripta
1072 1862 1167 1922 altior
1179 1870 1232 1934 est,
1241 1861 1406 1941 particule
1417 1861 1543 1941 singula

290 1950 293 1957 ’
305 1974 445 2029 conentur
453 1966 586 2027 recedere
596 1966 666 2028 binc
681 1968 751 2029 inde
765 1987 784 2025 n
793 1968 892 2047 plano
902 1965 934 2041 Q
946 1965 986 2041 R,
1000 1968 1097 2047 sitque
1106 1975 1228 2027 conatus
1236 1967 1400 2046 partienda
1407 1964 1543 2046 cujusque

304 2079 338 2131 nt
352 2069 475 2151 ejtasdem
491 2052 636 2132 distantia
650 2093 670 2131 a
682 2074 795 2163 plane.-
815 2072 882 2134 dico
890 2068 1002 2152 primii,
1017 2072 1096 2152 qnod
1108 2079 1172 2132 tota
1180 2070 1400 2151 particulammr
1414 2070 1543 2131 omnium

306 2176 339 2237 in
354 2177 514 2257 oeqnatoris
533 2178 643 2237 eirardo
666 2175 696 2237 A
715 2174 754 2250 Ε,
779 2185 865 2238 entra
875 2176 994 2257 globum
1007 2174 1196 2258 uniformiter
1210 2196 1270 2256 per
1284 2184 1375 2237 totum
1389 2175 1543 2236 circuitum

308 2286 341 2347 in
356 2306 461 2345 merem
476 2286 583 2346 aaran
598 2285 816 2366 dispositamm,
831 2287 878 2347 ers
890 2295 920 2347 et
933 2285 1065 2371 ffeacia
1086 2287 1129 2345 ad
1152 2284 1277 2346 Terram
1290 2285 1398 2345 circum
1411 2293 1543 2345 centrum

308 2393 369 2475 mres
382 2396 551 2468 rotundam,
567 2396 607 2456 sit
621 2395 664 2456 ad
683 2403 775 2457 totam
784 2396 1006 2476 partimlarrem
1019 2396 1141 2457 totidem
1157 2395 1190 2455 in
1204 2395 1367 2476 captatoris
1372 2405 1486 2475 puncto
1500 2393 1542 2469 A,

307 2498 386 2582 quad
407 2522 427 2559 a
444 2501 541 2581 plano
564 2498 597 2573 Q
619 2498 650 2561 R
666 2497 793 2561 manime*
808 2500 911 2579 distat,
936 2500 1154 2563 ementnninm
1176 2499 1235 2560 eim
1256 2508 1285 2560 et
1307 2499 1477 2584 efficaciam,
1501 2500 1548 2559 ad

311 2608 436 2671 Terram
450 2608 596 2671 eannmili
609 2618 688 2671 motu
702 2610 845 2673 cirmlari
863 2609 971 2671 circum
985 2616 1115 2670 centrum
1129 2604 1191 2687 pas
1204 2608 1384 2680 movendam,
1407 2616 1441 2668 nt
1454 2626 1546 2667 nnnm

306 2719 350 2779 nd
362 2718 428 2779 dna.
464 2718 510 2779 Et
523 2726 615 2779 motus
630 2720 685 2781 iste
698 2718 856 2781 circularis
869 2720 977 2780 circam
990 2738 1085 2793 anem,
1101 2717 1135 2778 in
1149 2718 1292 2778 contmnni
1303 2717 1430 2779 sectione
1442 2737 1546 2799 ‹equa-

308 2824 382 2884 toris
396 2832 425 2885 et
433 2822 525 2903 piniti
540 2820 572 2896 Q
589 2822 619 2884 R
624 2822 785 2904 jacentem,
795 2832 968 2906 peragetur.

310 2991 392 3053 Nam
407 3002 514 3054 centro
531 2991 562 3054 K
577 2992 727 3056 diametro
744 2994 760 3058 Ι
777 2995 806 3056 L
820 2995 1012 3059 describatur
1026 2994 1250 3058 semi-circulus
1272 2995 1289 3057 Ι
1304 2995 1337 3058 Ν
1352 2995 1391 3058 L.
1435 2993 1548 3058 Dividi

267 3099 457 3186 intelligente
470 3101 808 3166 semi-circumferentia
830 3103 848 3166 Ι
864 3103 897 3166 N
911 3104 940 3167 L
961 3104 994 3165 in
1007 3115 1112 3186 partes
1125 3103 1303 3166 innumeram
1317 3102 1462 3186 aequales,
1480 3115 1513 3165 et
1526 3126 1549 3164 a

267 3208 407 3291 partibus
422 3208 550 3296 singulis
575 3209 608 3274 N
630 3209 671 3274 ad
685 3210 870 3273 diametrum
893 3210 909 3273 Ι
933 3209 962 3273 L
983 3210 1185 3312 demittantur
1200 3210 1286 3272 sinus
1301 3208 1334 3272 N
1351 3208 1400 3272 M.
1444 3210 1480 3293 (i)
1503 3209 1548 3273 Et

269 3377 305 3423 sel
316 3377 444 3426 excentrieti
453 3377 527 3440 qualis
537 3386 572 3426 est
582 3378 655 3426 orbita
667 3379 749 3436 Luna,
766 3377 886 3426 variabiles
928 3381 986 3435 hm,
997 3393 1038 3425 seu
1055 3379 1077 3425 K
1088 3379 1119 3435 R,
1132 3381 1225 3437 equalis
1235 3378 1296 3426 sinui
1309 3380 1333 3426 N
1343 3379 1379 3436 Μ,
1387 3388 1412 3426 et
1421 3378 1491 3426 tude
1500 3393 1546 3426 εω-

269 3448 325 3486 sunt
342 3441 438 3500 hujusce
453 3441 518 3488 fluidi
534 3443 669 3492 velocitates
687 3441 758 3504 quare
776 3443 846 3490 Luna
861 3443 886 3488 in
927 3442 1076 3505 teris(l'rop.
1088 3442 1191 3488 xxvi.
1206 3442 1259 3488 Lib.
1272 3441 1324 3488 lll.
1339 3441 1436 3502 Elem).
1466 3439 1547 3496 Quare

270 3502 351 3548 eodem
358 3503 404 3548 situ
412 3503 534 3549 consistere
541 3519 587 3550 nen
595 3516 677 3564 petest,
686 3506 726 3552 sed
734 3505 887 3552 oscillationem
929 3506 993 3550 sinus
1003 3519 1083 3551 omnes
1092 3513 1119 3550 ut
1132 3504 1157 3550 K
1173 3505 1202 3560 ll,
1221 3505 1246 3551 K
1259 3505 1285 3559 F,
1303 3505 1403 3567 munla
1412 3514 1481 3552 erum
1490 3505 1547 3550 sini.

270 3565 380 3626 quasdam
391 3565 415 3610 in
426 3565 595 3625 longitudinem
606 3569 706 3626 patitur;
717 3583 743 3614 er
752 3568 836 3629 quibus
846 3568 888 3615 tet
927 3569 972 3613 bus
981 3576 1009 3614 ut
1021 3569 1044 3614 N
1057 3568 1093 3622 Μ,
1107 3567 1166 3624 SQ,
1177 3582 1204 3614 ac
1214 3566 1311 3627 proinde
1321 3583 1414 3615 summa
1423 3567 1548 3630 quadrato-

208 3652 214 3659 ·
271 3637 298 3674 ut
309 3627 378 3673 modi>
389 3628 455 3673 nobis
463 3627 583 3690 detegatur
592 3631 669 3690 eliqua
679 3646 731 3690 pam
740 3631 886 3690 hemispherii
928 3644 981 3676 rum
1001 3646 1032 3677 ex
1051 3630 1139 3678 sinibus
1154 3631 1263 3677 omnibus
1285 3631 1310 3678 N
1327 3632 1365 3689 M,
1387 3631 1481 3693 aqualis
1502 3629 1548 3679 erit

271 3691 332 3753 quod
343 3690 460 3736 occultum
471 3707 519 3738 esse
529 3691 594 3747 solet,
605 3690 675 3738 mode
685 3702 763 3742 antem
773 3695 839 3740 nobis
847 3697 888 3740 ab·

271 3754 394 3801 scondntur
402 3754 479 3816 aliqua
486 3770 538 3814 pars
546 3755 691 3815 hemispherii
699 3755 761 3818 quod
770 3757 828 3803 solet
838 3771 888 3806 etet

271 3814 430 3878 conspicuum,
446 3817 516 3880 idque
526 3819 601 3880 magis
615 3818 652 3864 vel
663 3820 742 3866 minus
754 3820 830 3866 enntin

271 3881 339 3927 debet
349 3895 391 3940 pro
398 3881 481 3943 majori
495 3881 532 3928 vel
547 3882 629 3928 minari
640 3880 794 3944 inaequalitate
803 3835 888 3929 'effi

271 3954 347 3990 tstnm
358 3943 430 3991 fluidi.
467 3944 521 3991 Hac
531 3945 619 3991 mione
629 3946 735 4006 explicari
751 3946 834 4004 peterit
844 3960 888 3992 cur

271 4007 360 4054 latiaris
377 4007 504 4054 librationis
525 4009 639 4069 quantitas
663 4009 690 4055 in
716 4008 888 4071 longitudinem

271 4070 518 4194 {l‘jiilquiiiib
527 4072 888 4197 admittent&

387 4167 393 4180 ·
498 4168 504 4182 ·
674 4167 680 4190 r

274 4189 363 4242 Verbui
379 4206 428 4244 tota
442 4201 492 4246 luee
507 4198 629 4259 explicatio
643 4199 674 4245 ad
688 4213 737 4244 rem
749 4207 849 4245 naseam
863 4209 888 4246 et

276 4257 454 4308 Newtoniannm
466 4273 565 4322 systema
576 4261 791 4315 accommodabitur,
807 4262 825 4306 si
837 4277 887 4308 vor-

274 4321 347 4368 ticum
358 4322 409 4370 loeo
416 4327 567 4372 substituatur
574 4325 684 4381 atanetio,
692 4324 888 4387 quemadmodum

262 4379 288 4431 'a
299 4384 381 4430 clariss.
418 4388 516 4435 Daniele
529 4387 665 4438 Bernoullio
676 4389 762 4434 iactum
773 4397 812 4440 est
823 4388 889 4449 cujus

275 4447 383 4493 eximiam
401 4449 591 4498 Dissertatianem
607 4452 637 4498 de
656 4451 734 4499 Fluru
746 4461 770 4498 ct
787 4449 892 4498 Refluant
927 4471 1026 4504 mmmm
1037 4456 1202 4518 quadratorum
1216 4473 1244 4504 er
1255 4457 1462 4504 simbusomndrus
1474 4455 1547 4504 ΚΜ.

277 4511 350 4558 Maris
363 4512 420 4570 Cap.
434 4512 487 4559 111.
501 4515 605 4562 consulat
614 4516 692 4562 lector.
931 4515 1044 4568 Praeterea
1053 4522 1189 4581 quadratum
1198 4521 1371 4568 semi-diametri
1384 4523 1406 4568 Κ
1419 4523 1450 4575 Ν,
1459 4519 1548 4581 aequale

308 4573 340 4632 (ἲ)
356 4579 406 4621 125.
418 4577 430 4602 ·
444 4578 478 4622 Et
495 4593 584 4626 tamma
600 4583 774 4640 quadratorum.
810 4577 895 4625 Divisa
931 4592 963 4631 est
972 4583 1088 4644 quadratis
1098 4585 1193 4630 sinuum
1211 4585 1236 4631 l(
1249 4586 1286 4641 M,
1301 4586 1329 4632 Μ
1342 4586 1374 4632 Ν.
1410 4583 1490 4640 Queri
1506 4585 1548 4645 (ob

275 4637 419 4699 intelligatur
428 4637 679 4688 semi-circumferentia
697 4641 709 4688 l
722 4643 747 4688 N
760 4642 789 4696 L,
804 4641 829 4687 iu
839 4657 891 4700 par·
926 4661 1042 4694 summam
1053 4647 1217 4708 quadratorum
1235 4649 1260 4695 K
1273 4649 1310 4703 Μ,
1327 4648 1439 4709 equalem
1450 4661 1548 4692 summae

191 4748 194 4754 ,
276 4701 359 4748 ticulns
370 4701 469 4760 aequales
479 4701 611 4749 innumeras
621 4719 637 4749 n
648 4707 671 4760 b,
685 4706 709 4750 N
722 4705 752 4762 L,
765 4704 790 4751 N
803 4707 826 4759 S,
837 4705 894 4760 bB,
928 4710 1091 4771 quadratorum
1102 4711 1126 4757 N
1135 4712 1185 4770 Μ,)
1194 4712 1453 4773 sermmaquadratorum
1462 4725 1490 4756 ex
1497 4723 1548 4756 om·

277 4765 319 4811 ἅο.
333 4765 458 4826 erectisque
469 4764 557 4812 sinibus
567 4768 582 4812 b
593 4767 624 4821 It,
637 4767 661 4814 N
672 4769 709 4826 M,
721 4770 764 4814 tce.
777 4769 820 4816 erit
830 4767 895 4816 sinus
929 4775 998 4821 nibus
1014 4774 1200 4822 senti-diametrici
1220 4775 1246 4822 K
1262 4776 1294 4829 N,
1313 4775 1386 4837 darpla
1401 4783 1435 4822 est
1450 4787 1550 4820 summa
