3392 5675
271 481 301 539 a
746 452 1079 543 ruruonucrro

269 656 443 741 eclipticam
457 669 548 736 secet,
571 658 621 721 cui
635 678 746 742 nempe
768 658 839 723 coeli
860 659 930 722 loco
944 660 1152 742 respondeant
1173 661 1238 744 ejus
1252 656 1337 736 nodi,
1360 659 1413 742 qui
1433 658 1466 720 in
1487 656 1547 721 hac

267 754 434 853 hypothesi
454 768 511 831 fixi
531 768 642 845 forent,
666 781 697 831 ct
719 790 854 854 quonam
872 768 987 854 angulo
1007 770 1108 833 orbita
1124 768 1226 832 Lunae
1246 768 1326 831 foret
1339 767 1486 830 inclinata
1505 763 1547 829 ad

217 894 218 899 ’
268 876 451 960 eclipticam,
472 876 555 939 unde
577 878 723 961 quoniam
738 900 775 941 ea
791 879 950 943 inclinatio
964 891 1110 944 constans
1133 892 1222 957 esset,
1245 876 1389 943 distantiis
1406 876 1507 940 Lunae
1528 896 1548 936 a

266 984 362 1066 plano
377 982 527 1066 eclipticae
540 1004 597 1065 per
611 984 868 1066 perpendiculum
881 972 1070 1064 mensurat,
1084 986 1164 1050 foret
1178 1009 1299 1071 semper
1312 984 1548 1071 proportionata

267 1082 420 1153 distantiae
434 1090 683 1174 perpendiculari
706 1092 807 1155 Lunae
822 1116 840 1155 a
855 1092 936 1157 linei
954 1092 1120 1169 nodorum,
1142 1094 1246 1177 itaque
1269 1115 1309 1155 ex
1330 1091 1456 1179 cognito
1476 1090 1547 1152 loco

268 1198 370 1263 Lunae
386 1210 417 1261 et
430 1196 585 1260 nodorum
599 1200 746 1284 cognosci
759 1202 875 1282 poterit
889 1223 1025 1285 quonam
1040 1201 1098 1263 sub
1112 1200 1227 1286 angulo
1243 1200 1335 1263 Luna
1350 1198 1390 1261 ab
1405 1194 1547 1279 eclipticri

267 1309 381 1371 distare
396 1306 537 1371 videatur
552 1330 592 1370 ex
606 1306 673 1390 ipsi
689 1307 808 1384 Terrri3
832 1320 864 1371 et
883 1308 925 1372 ad
939 1308 1097 1395 quodnam
1110 1320 1261 1393 punctum
1275 1306 1425 1390 ecliptica
1440 1303 1548 1367 referri

267 1416 387 1478 debeat.
1099 1439 1106 1448 ·
1379 1417 1381 1420 ’

204 1568 209 1579 ·
311 1525 344 1587 Si
359 1524 462 1609 itaque
474 1522 575 1586 Lunae
586 1535 689 1587 motus
698 1524 776 1586 citra
792 1522 947 1586 actionem
962 1522 1043 1585 Solis
1059 1520 1303 1596 considerentur,
1318 1518 1434 1582 tabulae
1449 1528 1548 1581 astro-

267 1629 397 1691 nomicoe
412 1630 536 1692 lunares
550 1629 619 1691 haec
634 1629 791 1691 continere
805 1627 973 1702 debebunt.
1618 1625 1621 1630 ’

310 1733 426 1799 Primo.
465 1736 627 1821 Epocham
642 1735 702 1799 loci
717 1736 818 1802 Lunae
833 1735 907 1797 dato
922 1735 1028 1819 aliquo
1041 1744 1199 1817 tempore3
1222 1744 1286 1795 tum
1302 1731 1549 1795 observationem
1608 1722 1611 1730 ’

264 1842 326 1905 1οοί
347 1842 469 1928 apogaei
483 1841 567 1927 quod
582 1842 681 1904 fixum
695 1852 843 1917 maneret,
868 1850 900 1903 et
922 1839 1169 1903 observationem
1182 1837 1243 1900 loci
1257 1835 1412 1899 nodorum
1432 1836 1549 1919 pariter

265 1947 412 2009 fixorum.

309 2054 424 2117 Postea
444 2054 605 2117 continere
626 2052 785 2116 debebunt
799 2052 938 2115 tabulam
951 2062 1054 2114 motus
1070 2048 1176 2126 medii,
1198 2060 1266 2113 tum
1285 2050 1424 2114 tabidam
1444 2072 1550 2135 aequa·

264 2162 357 2227 tionis
383 2162 485 2225 Lunae
510 2158 681 2223 secrmddm
708 2162 773 2244 ejus
803 2160 980 2222 distantiam
1004 2157 1140 2220 mediam
1164 2156 1205 2221 ab
1231 2178 1382 2241 apogae03
1411 2156 1550 2221 tabulam

263 2270 437 2333 latitudinis
454 2268 555 2332 Lunae
578 2267 748 2332 secunddm
769 2269 886 2331 variam
905 2268 1082 2331 distantiam
1097 2268 1197 2331 Lunae
1218 2289 1238 2329 a
1257 2266 1343 2329 nodo
1365 2279 1396 2331 et
1416 2266 1550 2350 denique

265 2378 404 2441 tabulam
418 2375 606 2439 reductionis
618 2376 718 2440 Lunae
733 2376 773 2439 ad
788 2377 970 2460 eclipticam,
988 2374 1159 2439 secundum
1174 2398 1242 2439 eam
1256 2375 1431 2439 distantiam
1448 2375 1549 2439 Lunae

264 2486 445 2654 Ηξέεἶυηῐ
461 2560 515 2655 liis
537 2588 620 2665 addi,
643 2588 749 2651 tabula
769 2586 986 2650 distantiarum
1005 2587 1107 2650 Lunae
1127 2608 1147 2647 a
1169 2584 1270 2648 Terrri
1291 2582 1462 2649 secundum
1483 2585 1548 2668 ejus
1565 2670 1570 2677 ι

263 2694 440 2760 distantiam
462 2696 502 2757 ab
524 2694 588 2777 ejus
603 2710 743 2778 apogaeo,
766 2691 872 2755 tabula
885 2691 1108 2753 diametrorum
1122 2690 1187 2773 ejus
1202 2690 1417 2773 apparentium
1439 2710 1550 2753 secun·

263 2800 340 2866 ddm
362 2800 503 2865 eamdem
518 2799 696 2862 distantiam
719 2798 757 2862 ab
779 2820 920 2885 apogaeo,
943 2811 975 2863 et
995 2797 1130 2882 denique
1150 2797 1257 2861 tabula
1269 2798 1471 2884 parallaxcos
1485 2797 1549 2889 qud

263 2907 447 2992 deprimitur
459 2905 550 2970 Luna
561 2915 704 2988 respectu
716 2907 898 2988 spectatoris
911 2906 945 2967 in
961 2904 1125 2990 superficie
1134 2900 1272 2971 Tellrnir
1287 2904 1438 2985 collocati,
1454 2918 1550 2992 prout

263 3013 384 3076 diversa
399 3023 446 3075 est
460 3013 525 3095 ejus
540 3033 560 3072 a
574 3009 675 3074 Terris
691 3009 845 3086 demntia,
868 3022 901 3074 et
918 3023 1014 3095 prout
1033 3011 1164 3074 altitudo
1178 3033 1274 3096 supra
1287 3012 1481 3078 horizontem
1501 3024 1550 3077 ert

262 3119 395 3184 diversa.

306 3227 393 3290 Talis
407 3227 487 3290 foret
501 3237 565 3290 tota
581 3225 622 3288 de
637 3221 729 3290 Luni
744 3223 875 3302 theoria,
890 3226 968 3290 citra
984 3226 1065 3290 Solis
1079 3226 1232 3290 actionem
1240 3248 1250 3300 ς
1273 3225 1329 3290 sed
1339 3227 1405 3310 jam
1419 3251 1438 3290 a
1451 3226 1547 3313 longo
1620 3246 1624 3253 ’

263 3345 404 3419 tempore
433 3336 653 3398 intellexerunt
678 3334 858 3411 astronomi,
889 3334 1013 3398 lunares
1035 3347 1138 3397 motus
1160 3357 1179 3396 a
1200 3335 1302 3398 Lmroe
1323 3334 1384 3396 situ
1405 3347 1551 3418 respectu,

264 3442 346 3508 Solis
361 3443 533 3526 plurimum
554 3426 790 3517 turbariunde
807 3441 909 3504 varias
923 3442 1139 3516 correctiones,
1162 3439 1226 3503 sive
1245 3440 1434 3524 aquationes
1455 3442 1547 3506 variis

262 3549 360 3613 titulis
375 3549 562 3611 concinnare
577 3559 649 3609 sunt
664 3547 776 3609 conati.

305 3653 411 3730 Quam
425 3654 599 3716 luculenter
614 3673 654 3715 err
668 3651 826 3738 gravitatis
840 3652 970 3728 theoriis,
993 3652 1063 3716 brec
1075 3675 1141 3716 non
1155 3652 1251 3716 modb
1265 3653 1468 3738 explicentur,
1491 3654 1548 3720 sed

261 3763 355 3827 etiam
365 3774 510 3826 accurato
518 3761 638 3824 calculo
646 3761 901 3837 determinentur,
912 3761 1125 3825 demonstrare
1136 3785 1299 3849 aggressus
1308 3774 1356 3828 est
1364 3751 1544 3839 Newtonda
1566 3749 1577 3758 ⁸

206 3919 208 3924 .
261 3879 292 3932 et
314 3891 365 3932 eas
387 3887 495 3932 omnes
517 3866 706 3952 aquationes
721 3889 791 3952 quae
813 3889 854 3932 ex
877 3867 951 3931 Sole
968 3867 1115 3951 pendent,
1138 3869 1263 3932 calculis
1287 3892 1327 3932 ex
1348 3868 1468 3933 theoria
1490 3867 1546 3934 sut

261 3971 402 4040 deductis
416 3975 459 4037 ita
473 3973 605 4037 feliciter
626 3974 732 4038 statuit
745 3985 781 4036 ut
794 3985 898 4036 motus
913 3975 1016 4037 Lunoe
1029 3977 1132 4059 ejusve
1153 3977 1343 4061 aequationes
1364 3999 1405 4038 ex
1426 3975 1546 4040 calculo

261 4093 393 4164 repertae
403 4083 437 4144 in
447 4079 569 4144 minuto
579 4080 716 4144 secundo
731 4092 784 4144 aut
794 4079 895 4165 prope
907 4103 980 4144 cum
992 4082 1030 4144 iis
1044 4103 1115 4166 quoe
1129 4083 1169 4144 ab
1185 4081 1428 4145 accuratioribus
1437 4081 1546 4146 obser·

130 4194 134 4222 ¹
262 4191 436 4254 rationibus
451 4191 651 4256 determinari
662 4199 841 4274 potuerunt,
865 4191 1068 4266 consentiant,
1087 4189 1173 4276 quod
1183 4189 1380 4253 autoritatem
1389 4189 1545 4276 integram

260 4297 306 4360 tlli
320 4298 448 4360 theoriae
460 4300 612 4363 conciliat.
651 4297 771 4362 Calculi
782 4308 887 4360 autem
902 4297 956 4374 illi,
972 4319 1030 4361 nec
1040 4297 1145 4360 faciles
1157 4310 1238 4373 sunt,
1251 4319 1310 4360 nec
1320 4297 1542 4382 compendiosi,

259 4429 318 4472 nec
333 4429 454 4493 semper
470 4409 631 4473 commoda
647 4409 687 4473 ad
702 4407 908 4494 syntheticam
920 4407 1053 4470 formam
1068 4405 1254 4482 reducendi3
1278 4428 1355 4491 quos
1372 4406 1544 4470 Newtonus

260 4513 320 4578 huc
330 4513 439 4578 ultimi
453 4516 572 4579 ratione
586 4517 695 4580 lectori
710 4538 767 4580 suo
782 4515 890 4578 sistere
903 4515 1015 4597 prurit,
1038 4535 1092 4576 eos
1114 4513 1272 4578 enucleate
1286 4515 1391 4590 tradit,
1414 4525 1544 4576 coeteros

259 4621 383 4698 omittit,
399 4632 431 4684 et
445 4620 530 4706 quod
539 4639 580 4682 err
591 4621 628 4683 iis
640 4622 796 4684 obtinetur
806 4620 937 4684 strictim
950 4620 985 4682 in
1000 4618 1128 4682 Scholia
1138 4618 1263 4694 indicat,
1278 4631 1312 4682 et
1320 4619 1423 4700 primo
1435 4617 1555 4701 quales,

154 4794 159 4818 s
260 4727 322 4791 sint
333 4727 395 4789 illae
407 4725 595 4811 aquationes
606 4727 697 4811 juxta
708 4738 957 4790 astronomorum
967 4725 1198 4789 observationes
1212 4724 1297 4798 dicit,
1311 4737 1344 4786 et
1357 4723 1543 4808 quibusnam
