3392 5675
272 480 333 543 174
590 470 932 537 PHILOSOPHIAE
955 469 1227 539 NATURALIS
1248 473 1321 552 [Dr
1334 472 1565 540 Munnsrsr.

1686 391 1695 480 t

272 644 477 732 superiorem,
499 644 634 731 idebque
653 644 794 709 medium
814 646 883 730 ejus
902 645 1040 709 distabat
1059 667 1080 709 a
1099 642 1189 709 stelbi
1209 643 1263 709 illi
1277 652 1331 709 2⁶.
1350 647 1410 711 15'.
1423 660 1565 711 austnrm
1693 639 1694 678 ³

269 776 390 832 versus,
412 765 444 817 et
463 752 615 817 terminus
636 752 780 836 superior
800 762 868 814 erat
889 752 922 813 in
939 762 967 814 >t
984 758 1060 815 22⁸¹.
1075 774 1149 816 oiim
1168 752 1336 817 latitudine
1350 753 1470 818 boreali
1487 762 1564 819 61⁸¹.

273 860 317 925 Et
339 860 415 925 binc
435 860 531 947 longa
544 872 612 922 erat
633 858 734 923 cauda
755 864 829 927 70⁶.
843 856 977 923 circiter.
1022 858 1102 923 Dec.
1118 866 1172 923 111.
1192 858 1305 924 eadem
1326 862 1476 947 surgebat
1497 861 1563 927 fere
1616 843 1623 853 ‘

269 974 310 1037 ad
323 972 506 1037 cathedram
522 970 722 1055 Cassiopeiae,
744 970 908 1055 aequaliter
918 950 1044 1033 ¹(liutans
1058 992 1079 1033 a
1090 971 1114 1045 β
1126 982 1159 1033 et
1173 968 1316 1047 Schedir,
1337 982 1371 1035 et
1383 970 1563 1037 &undam

269 1080 309 1144 ab
323 1080 457 1165 utrique
470 1078 628 1143 distantia
642 1098 748 1140 earum
763 1076 951 1140 abinvicem
965 1077 1117 1162 aequalem
1131 1076 1262 1153 babens,
1271 1076 1407 1163 idebque
1414 1078 1563 1143 (1011110113

268 1188 301 1253 in
316 1199 348 1247 φ
364 1194 441 1251 w.
456 1207 529 1251 cum
551 1184 717 1249 latitudine
739 1188 836 1265 Μ’.
890 1184 971 1248 Dec
987 1192 1041 1249 10.
1062 1184 1164 1247 cauda
1177 1185 1326 1271 tangebat
1340 1185 1456 1249 Solam
1467 1186 1563 1249 suam
1693 1221 1694 1260 3

268 1301 309 1365 ad
324 1300 491 1375 sinistram,
503 1310 535 1362 et
549 1295 748 1361 intervallum
764 1294 923 1358 stellarum
933 1294 1068 1359 duarum
1079 1295 1114 1359 in
1124 1293 1206 1379 pede
1216 1295 1336 1359 boreali
1346 1296 1562 1359 Andromeda
1693 1321 1694 1326 ¹

268 1406 412 1475 accurate
426 1404 613 1489 complebat,
629 1414 662 1467 et
674 1402 770 1489 longa
784 1412 853 1465 erat
867 1408 952 1477 54⁹3
975 1401 1108 1487 ideoque
1122 1401 1285 1465 desinebat
1297 1403 1332 1465 in
1352 1411 1373 1463 a
1396 1410 1469 1467 19⁸¹.
1487 1425 1562 1467 cum

268 1514 432 1581 latitudine
455 1520 530 1579 35⁸³.
585 1512 656 1575 Jan.
673 1520 702 1575 5.
725 1510 825 1575 cauda
846 1510 947 1597 tetigit
968 1510 1090 1573 stellam
1108 1534 1129 1571 e
1148 1510 1184 1573 in
1204 1524 1332 1594 pectore
1345 1498 1561 1576 Andromedae
1621 1507 1627 1513 ’

268 1625 309 1689 ad
324 1624 407 1687 latus
422 1624 488 1707 ejus
503 1621 662 1697 dextrum,
680 1614 717 1683 ¹et
730 1618 853 1682 stellam
873 1618 943 1692 uin
956 1619 1024 1702 ejus
1036 1618 1163 1705 cingulo
1177 1618 1220 1681 ad
1233 1619 1315 1683 latias
1328 1619 1507 1696 sinistnrm3
1528 1632 1562 1683 et

268 1733 379 1818 (juxta
398 1728 630 1795 observationes
651 1726 788 1814 nostras)
811 1725 908 1813 longa
929 1737 996 1789 erat
1013 1733 1084 1790 40⁸¹
1091 1750 1101 1802 3
1124 1748 1220 1791 crrrva
1238 1741 1343 1791 autem
1356 1742 1425 1793 erat
1437 1740 1471 1792 et
1484 1750 1560 1793 con-

267 1864 348 1906 vexo
372 1841 470 1905 latere
494 1837 655 1923 spectabat
679 1834 720 1899 ad
746 1847 898 1899 austrum.
944 1836 1028 1899 Cum
1052 1836 1170 1899 circulo
1193 1858 1252 1929 per
1276 1837 1382 1901 Solem
1404 1850 1437 1903 et
1465 1848 1561 1920 caput

267 1962 397 2015 cometae
411 1934 593 2013 transeunte
607 1942 759 2031 angulum
775 1942 908 2007 confecit
921 1940 1078 2028 gradum
1091 1951 1123 2005 4.
1139 1944 1232 2027 juxta
1246 1954 1341 2027 caput
1353 1957 1505 2021 cometae3
1526 1957 1561 2008 at

262 2058 355 2142 juxta
376 2054 545 2119 terminum
559 2050 692 2115 alterum
714 2048 923 2115 inclinabam
937 2048 979 2112 ad
994 2048 1146 2113 mortium
1159 2048 1249 2113 illum
1262 2050 1297 2113 in
1310 2051 1428 2137 angulo
1443 2060 1494 2115 10.
1508 2054 1562 2116 vel

270 2172 319 2229 ll.
334 2162 501 2251 graduum,
524 2172 557 2225 et
577 2158 697 2225 chorda
711 2158 823 2221 caudae
835 2180 909 2221 cum
922 2156 1041 2221 circulo
1054 2158 1111 2221 sslo
1123 2158 1303 2223 continebat
1315 2161 1466 2247 angulum
1486 2158 1561 2249 gra-

271 2272 369 2335 duum
391 2280 473 2334 octo.
528 2267 549 2331 J
550 2288 600 2330 an.
620 2272 670 2329 ta.
693 2263 793 2329 cauda
806 2263 877 2327 luce
892 2264 967 2327 satis
980 2264 1119 2328 sensibili
1140 2266 1364 2330 terminabatur
1384 2268 1467 2332 inter
1480 2270 1561 2334 nla-

266 2378 359 2443 meoh
380 2389 412 2441 et
433 2374 541 2463 algol,
565 2387 597 2439 et
618 2374 688 2437 luce
708 2371 889 2437 tenuissimi
911 2371 1074 2437 desinebat
1087 2395 1107 2437 e
1119 2374 1249 2459 regione
1263 2374 1362 2440 stellae
1375 2401 1394 2437 a
1413 2376 1449 2439 in
1461 2378 1561 2442 latere

268 2489 385 2554 Persei.
430 2484 591 2552 Distentis
612 2482 738 2549 termini
760 2482 871 2546 caudae
891 2504 911 2544 a
931 2481 1049 2547 circulo
1069 2479 1176 2546 Solem
1189 2494 1223 2548 et
1236 2496 1390 2550 comeum
1406 2486 1561 2571 jungente

266 2612 334 2663 erat
344 2604 402 2662 ttss'.
418 2598 480 2661 50'.
496 2606 528 2659 et
541 2592 703 2657 inclinatio
717 2592 848 2655 chordae
863 2591 973 2655 caudte
986 2592 1028 2655 ad
1040 2591 1194 2656 circulmn
1206 2592 1296 2657 illum
1310 2600 1386 2677 ⁸l‘·
1418 2596 1490 2663 Juu.
1506 2605 1560 2662 25.

267 2718 300 2771 et
313 2712 364 2770 06.
387 2702 488 2767 cauda
508 2701 579 2765 luce
600 2700 687 2765 tenui
708 2699 843 2762 micabat
864 2698 906 2761 ad
926 2698 1156 2785 longitudinem
1176 2700 1334 2786 gradumu
1347 2711 1379 2768 6.
1393 2702 1444 2767 vel
1459 2709 1478 2772 7
1487 2727 1497 2779 3
1527 2716 1561 2773 st

266 2827 358 2880 nocte
380 2812 443 2878 uni
466 2826 497 2876 et
518 2809 615 2876 altera
639 2820 788 2896 sequente
802 2808 857 2872 ubi
872 2808 987 2872 mum
1000 2806 1094 2872 valde
1107 2830 1252 2873 serenum
1266 2820 1343 2886 erat,
1356 2810 1428 2878 luce
1442 2812 1561 2878 teums·

267 2923 343 2988 simei
359 2936 391 2988 et
405 2919 569 3010 oegerrimd
583 2921 721 2986 sensibili
742 2919 915 3006 attingebat
933 2918 1163 3005 longitudinem
1176 2919 1333 3006 graduum
1347 2919 1514 2988 duodecim
1527 2935 1563 2987 et

266 3031 361 3119 pauli>
376 3032 467 3096 ultra.
512 3029 718 3120 Dirigebatur
733 3041 838 3092 autem
853 3030 923 3114 ejus
935 3027 1003 3092 axis
1018 3028 1059 3091 ad
1073 3027 1209 3092 lucidam
1223 3029 1403 3094 inhumato
1416 3030 1562 3098 stimuli

266 3143 397 3230 Aurigae
412 3139 566 3218 accurate,
589 3140 724 3225 ideoque
739 3138 916 3205 declinabat
930 3138 972 3202 ab
985 3139 1182 3222 oppositione
1206 3139 1287 3204 Solis
1309 3139 1442 3206 boream.
1451 3162 1562 3212 versas

265 3249 298 3312 in
314 3247 430 3336 angulo
451 3247 607 3336 graduum
621 3246 740 3310 decem.
784 3245 934 3331 Denique
950 3243 1026 3308 Feb.
1045 3246 1242 3331 lucaudam
1255 3247 1354 3311 oculis
1369 3249 1495 3314 armatis
1510 3270 1561 3315 as-

266 3357 341 3441 pexi
363 3355 481 3442 gr'adus
506 3355 585 3418 duos
611 3353 748 3442 longam.
803 3352 888 3416 Nam
912 3351 968 3414 lux
990 3351 1143 3435 praedicta
1167 3353 1291 3418 tenuior
1312 3376 1370 3439 per
1394 3354 1473 3418 vitra
1494 3377 1561 3423 nou

268 3464 424 3548 apparuit.
471 3455 762 3526 Ponthaeusuutem
778 3459 855 3523 Feb.
868 3465 898 3528 7.
915 3481 948 3522 se
962 3459 1094 3529 caudam
1108 3459 1150 3522 ad
1164 3459 1392 3546 longitudinem
1404 3461 1562 3548 graduum

271 3577 320 3633 10.
336 3568 451 3632 vidisse
466 3567 581 3630 scribit
627 3565 702 3630 Feb.
719 3575 771 3631 05.
786 3577 818 3629 et
832 3564 980 3649 deinceps
994 3561 1117 3628 comem
1130 3565 1198 3629 sine
1212 3566 1312 3630 caudi
1326 3569 1480 3651 apparuit.

311 3674 433 3740 Orbem
450 3675 517 3762 jam
538 3671 730 3756 descriptum
753 3672 953 3758 spectantiet
965 3672 1088 3757 reliqua
1100 3684 1232 3745 cometae
1245 3673 1338 3758 hujus
1352 3673 1563 3758 phaenomena

267 3786 302 3850 in
324 3785 430 3851 animo
451 3781 631 3860 revolventi,
654 3782 740 3846 haud
756 3782 921 3848 difficulter
935 3784 1100 3860 constabit,
1122 3783 1208 3869 quod
1221 3805 1355 3869 corpora
1369 3797 1562 3851 cometarum

269 3905 342 3958 sunt
356 3891 466 3970 solida,
488 3901 661 3976 compacta,
686 3889 751 3952 fixa
765 3911 802 3952 ac
817 3889 972 3952 durabilia
986 3889 1027 3952 ad
1048 3890 1146 3953 instar
1160 3911 1330 3976 corporum
1350 3891 1559 3976 planetarum.

269 4003 354 4068 Nam
370 4003 396 4066 si
411 4001 490 4067 nibil
511 4001 597 4065 aliud
618 4012 721 4066 essent
737 3998 832 4086 quam
845 4022 978 4085 vapores
993 4000 1043 4065 vel
1057 4001 1272 4067 exhalationes
1287 4002 1408 4080 Terrae,
1433 4002 1516 4068 Solis
1529 4015 1563 4070 et
1605 4045 1609 4057 ·

269 4113 474 4196 planetarum,
498 4123 619 4177 cometa
632 4109 722 4174 hicce
742 4109 923 4174 intransitu
938 4133 996 4174 suo
1014 4122 1074 4195 ‘per
1094 4111 1240 4176 viciniam
1256 4112 1337 4176 Solis
1352 4112 1456 4176 statim
1470 4111 1563 4176 dissi-
1692 4101 1695 4104 ⁴

269 4222 339 4303 pari
354 4222 519 4286 debuisset
566 4219 625 4285 Est
639 4220 722 4282 enim
737 4218 822 4282 calor
838 4218 920 4284 Solis
935 4231 971 4283 ut
984 4219 1144 4283 radiorum
1159 4220 1304 4298 densitas,
1325 4220 1388 4285 hoc
1402 4232 1457 4298 est,
1480 4221 1563 4284 reci·-

271 4325 367 4410 proce
390 4339 425 4391 ut
445 4313 633 4416 quadratum
655 4327 809 4392 distantiae
832 4330 974 4394 locorum
996 4356 1015 4395 a
1038 4331 1120 4396 Sole.
1165 4332 1306 4420 Metione
1325 4330 1397 4396 crim
1416 4333 1564 4397 distantia

270 4445 402 4500 cometae
423 4459 443 4499 a
463 4433 579 4502 centro
595 4439 677 4504 Solis
700 4439 852 4508 Decemb.
869 4452 899 4506 8.
916 4441 977 4504 ubi·
989 4443 1023 4504 in
1041 4442 1194 4527 perihelio
1214 4445 1403 4521 versabatur,
1425 4457 1508 4508 esset
1519 4442 1565 4507 ad

272 4543 453 4608 distantiam
474 4545 586 4611 Terrae
610 4571 628 4612 a
649 4560 757 4612 centro
782 4549 864 4614 Solis
885 4562 923 4614 ut
938 4559 958 4615 6
973 4549 1017 4614 ad
1034 4559 1118 4617 1000
1133 4553 1264 4630 circiter,
1281 4552 1366 4616 calor
1381 4553 1463 4617 Solis
1477 4551 1564 4635 apud

273 4663 427 4716 cometam
451 4673 489 4715 eo
509 4664 651 4738 tempore
673 4669 738 4726 erat
760 4655 801 4720 ad
822 4657 959 4720 calorem
975 4657 1057 4722 Solis
1071 4660 1170 4722 aestivi
1190 4659 1274 4743 apud
1289 4681 1346 4724 uos
1362 4672 1397 4723 ut
1413 4667 1565 4724 1000000

272 4763 314 4830 ad
330 4771 381 4841 36,
398 4783 452 4826 seu
463 4769 573 4826 28000
588 4761 629 4826 ad
646 4773 673 4828 l.
717 4764 780 4829 Sed
796 4765 882 4830 calor
896 4789 987 4853 aquae
1001 4762 1178 4832 ebullientis
1192 4780 1239 4832 est
1252 4768 1341 4855 quasi
1356 4768 1455 4852 triplo
1462 4771 1566 4853 major
