3392 5675
139 430 715 557 anseranum]aerumans
738 457 1111 545 Mnrnnunnon.
1367 461 1428 551 'nr

66 688 67 694 κ
137 651 212 723 post
239 640 335 729 longa
363 655 542 729 temporum
570 648 733 713 intervalla
761 634 971 728 redeuntium,
1009 651 1246 743 determinanda
1273 653 1426 738 relinquo.

136 745 263 813 Interea
277 748 352 815 huic
365 750 492 838 negotio
509 752 687 839 Propositio
703 778 837 843 sequens
852 757 960 821 lumen
974 756 1144 823 accendere
1157 770 1269 841 potest

364 964 650 1050 rnorosrnuo
673 984 787 1051 Xan.
833 983 1096 1051 Pronurus
1117 936 1246 1054 nnn.¹

432 1184 590 1251 Inventam
603 1164 722 1251 cometae
736 1188 947 1273 'trty'ectoriam
961 1194 1121 1275 corrigere.
1137 1164 1140 1170 .

148 1365 151 1371 ’
178 1370 337 1456 Operatio
349 1379 379 1436 1.
411 1370 600 1437 Assumatur
619 1376 734 1459 positio
758 1374 845 1461 plani
870 1377 1065 1462 trajectoriae‚
1087 1400 1147 1463 per
1173 1378 1424 1463 Propositionem

132 1481 327 1564 superiorem
341 1470 487 1559 inuenta3
498 1486 542 1547 'et
557 1484 727 1577 seligantur
741 1486 801 1550 tria
822 1487 892 1577 loca
905 1500 1037 1552 cometae
1050 1486 1318 1553 observationibus
1332 1511 1425 1553 accu-

129 1592 289 1657 ratissimis
304 1593 443 1672 definita,
460 1608 493 1659 et
507 1596 547 1659 ab
561 1595 695 1661 invicem
706 1595 938 1683 quimmaximd
953 1596 1100 1661 distantia
1108 1619 1119 1672 ;
1137 1598 1239 1682 sitque
1254 1599 1286 1662 A
1300 1610 1424 1683 tempus

129 1703 211 1766 inter
240 1702 375 1787 primam
404 1714 436 1767 et
464 1704 644 1783 secundam,
669 1728 706 1771 ac
731 1706 760 1771 B
783 1716 908 1791 tempus
923 1707 1014 1769 inter
1039 1705 1209 1769 secundam
1232 1728 1269 1769 ac
1289 1707 1424 1771 tertiam.

133 1812 299 1877 cometam
313 1825 419 1879 autem
433 1815 468 1877 in
482 1838 592 1879 eorum
607 1815 712 1901 aliquo
735 1814 773 1900 (¹)
789 1816 822 1879 in
836 1816 976 1903 perigoeo
990 1816 1107 1879 versari
1123 1814 1277 1893 convenit,
1300 1815 1350 1878 vel
1363 1816 1425 1879 sal-

130 1932 196 1987 tem
209 1943 275 1995 non
289 1921 385 2009 longe
399 1946 419 1987 a
432 1924 572 2011 perigaeo
588 1924 705 1991 abesse.
751 1924 784 2010 (¹)
802 1926 855 1989 Ex
869 1924 918 1989 his
932 1925 1008 1989 locis
1023 1926 1245 2011 apparentibus
1262 1925 1424 1988 invenian-

130 2041 191 2107 tur,
215 2051 272 2114 per
294 2031 492 2115 operationes
514 2024 793 2121 trigonometricas,
816 2033 887 2097 loca
901 2034 963 2097 tria
975 2054 1050 2098 vera
1064 2046 1194 2099 cometoe
1215 2035 1249 2097 in
1262 2048 1423 2118 assumpto

131 2134 188 2199 illo
202 2136 298 2220 plano
312 2138 508 2222 trajectoriae.
552 2138 680 2203 Deinde
702 2160 759 2223 per
773 2140 844 2203 loca
858 2140 913 2206 illa
926 2141 1073 2220 inventa·
1085 2141 1168 2207 circa
1182 2151 1325 2207 centrum
1341 2141 1424 2209 Solis

88 2255 91 2263 ’
131 2266 190 2307 ceu
211 2244 404 2323 mbilicum,
427 2267 485 2329 per
506 2226 702 2330 operationes
724 2246 946 2327 arithmeticos,
968 2268 1031 2336 ope
1053 2247 1148 2332 Prop.
1172 2248 1274 2313 XXI.
1297 2248 1371 2335 Lib.
1394 2248 1422 2311 1.

128 2348 297 2427 institutas,
321 2350 517 2416 describatur
538 2352 634 2416 sectio
655 2352 784 2416 conicaz
806 2355 855 2437 (Μ)
878 2366 910 2417 et
930 2355 997 2439 ejus
1018 2375 1110 2431 mese,
1132 2354 1229 2417 radiis
1250 2378 1271 2417 a
1293 2354 1368 2419 Sole
1381 2354 1424 2419 ad

127 2460 199 2524 loca
212 2460 340 2531 inventa
354 2460 456 2526 ductis
471 2463 655 2539 terminatae,
678 2474 773 2527 sunto
788 2463 822 2526 D
838 2474 870 2525 et
885 2463 925 2540 E,
946 2485 1062 2548 nempe
1076 2463 1111 2528 D
1126 2484 1209 2527 area.
1219 2463 1301 2527 inter
1315 2464 1422 2552 obser-

15 2655 21 2667 ³
127 2570 286 2633 rationem
310 2570 505 2654 primam'et
529 2571 709 2648 secundam,
736 2583 768 2635 et
788 2571 821 2663 Ἐ
846 2593 920 2634 area
940 2572 1024 2637 inter
1042 2574 1266 2660 secundariae
1286 2574 1421 2655 tertiam

128 2675 238 2761 Sitque
261 2674 294 2769 T
315 2688 440 2762 tempus
460 2690 572 2771 toturn,
596 2700 660 2764 quo
682 2700 754 2743 area
774 2690 841 2743 tota
863 2680 899 2743 D
918 2689 951 2755 ÷
972 2680 1002 2743 E
1023 2679 1186 2745 velocitate
1210 2692 1342 2744 cometae
1363 2702 1423 2765 per

127 2767 880 2869 Prop.XV1.Lib.1.inve'ntadescribidebet.

173 2877 266 2976 Oper.
281 2902 314 2986 2.
338 2896 503 2981 Augeatur
519 2895 559 2979 (⁰)
575 2894 741 2981 longitudo
754 2893 912 2960 nodorum
925 2894 1012 2982 plani
1026 2897 1230 2981 trajectoriae3
1252 2895 1366 2984 additis
1380 2896 1422 2960 ad

123 2983 353 3089 longitudinem
374 3004 460 3067 illam
482 2987 547 3069 to'i
560 3004 612 3092 vel
626 3006 687 3068 30².
703 3025 774 3090 quae
790 3004 937 3068 dicantur
958 3005 1003 3080 P;
1025 3016 1057 3069 et
1070 3017 1209 3070 servetur
1229 3005 1318 3089 plani
1338 3005 1421 3069 illius

126 3109 289 3174 inclinatio
304 3109 343 3174 ad
356 3111 488 3194 planum
502 3109 662 3196 eclipticas.
709 3111 835 3178 Deinde
851 3134 893 3176 ex
906 3111 1066 3196 proedictis
1079 3112 1179 3178 tribus
1193 3122 1325 3176 cometae
1344 3111 1420 3176 locis

123 3217 304 3296 observatis,
324 3218 548 3306 ,inveniantur
562 3219 596 3282 in
624 3219 685 3282 hoc
702 3229 797 3282 'novo
825 3219 922 3304 pldno
950 3219 1026 3308 local
1047 3220 1108 3282 tria
1132 3240 1216 3308 vera,
1242 3230 1279 3282 ut
1304 3216 1417 3302 supreiz

125 3305 241 3390 deinde
264 3327 358 3391 etiam
380 3329 465 3392 orbis
486 3349 544 3411 per
565 3327 634 3391 loca
655 3327 707 3413 illa
722 3328 883 3406 transiens,
900 3327 939 3414 (⁰)
955 3339 987 3391 et
1001 3327 1140 3416 ejusdem
1154 3348 1237 3390 araae
1250 3325 1323 3390 duae
1336 3326 1419 3424 inter

115 3543 117 3548 ,
156 3475 375 3578 (¹)'01npertgaeo
391 3505 478 3551 ueremi
492 3505 603 3552 canoram
639 3503 754 3552 Versanta
786 3487 866 3552 aream
882 3500 943 3550 inter
952 3501 1136 3550 observationem
1146 3499 1272 3550 secundam
1284 3508 1308 3549 et
1318 3499 1417 3556 tertiam,
1508 3520 1511 3530 .

122 3565 288 3613 enimcometa
303 3565 329 3613 in
345 3565 493 3629 perig'aovel
505 3567 587 3613 saltem
598 3566 755 3630 nonlongea
786 3566 812 3615 id
830 3577 871 3622 est,
889 3576 917 3614 ut
937 3567 963 3614 D
982 3565 1013 3614 ed
1032 3566 1073 3626 E3
1090 3565 1172 3614 eodem
1188 3581 1282 3628 quoque
1299 3565 1343 3612 erit
1359 3564 1418 3610 ratio

121 3628 231 3690 pangaea,
243 3629 308 3676 illius
318 3641 397 3678 motus
407 3631 483 3693 magis
492 3629 599 3678 accurate
609 3631 727 3678 definitur.
786 3630 847 3678 inter
862 3640 968 3690 tempora
982 3630 1069 3692 quitus
1084 3646 1144 3678 area
1158 3630 1206 3676 illae
1216 3628 1286 3676 radiis
1296 3628 1326 3674 ad
1339 3627 1417 3675 solen

155 3691 186 3755 (¹)
199 3697 212 3722 ⁸
226 3695 310 3742 neus
326 3697 564 3756 benemerentibus.
593 3689 754 3756 'Inveniuntur
785 3693 863 3741 ductis
874 3693 1040 3742 describentur.
1076 3694 1112 3742 Sit
1124 3695 1148 3748 S,
1159 3703 1343 3752 tempusverum
1356 3691 1417 3736 inter

120 3769 163 3815 per
184 3757 328 3816 operationes
348 3758 549 3820 trigonometricas
571 3755 612 3822 (ut
630 3759 655 3804 in
678 3759 750 3822 ἢτοι).
785 3758 967 3806 mensionem
978 3759 1078 3818 primam
1089 3758 1221 3805 streniam.
1255 3754 1417 3816 Sireperiatur

121 3817 234 3880 proeoed.)
246 3820 297 3868 loca
308 3820 353 3868 tria
363 3836 417 3868 vera
427 3832 524 3870 cometae
540 3821 566 3868 in
577 3831 697 3882 assumpto
712 3821 758 3874 illa·
787 3823 856 3872 T:
873 3823 896 3880 S,
915 3819 940 3872 ei
959 3823 983 3869 G
993 3841 1029 3868 =
1043 3823 1071 3879 c,
1090 3821 1184 3868 inventa
1200 3819 1263 3880 plani
1281 3817 1417 3881 trajeetoriae

123 3882 196 3942 plano
206 3884 343 3946 trajectoriae
354 3894 464 3947 tanquam
476 3895 591 3950 accurato,
603 3887 648 3933 hoo
659 3895 699 3942 est,
716 3888 753 3931 in·
786 3887 870 3948 positio
882 3886 1022 3937 verrentia
1036 3894 1150 3939 mauram,
1166 3883 1233 3930 nulli
1247 3883 1356 3946 indigens
1364 3895 1416 3928 cor-

120 3946 245 3994 veniamur
255 3949 299 3995 tria
310 3947 374 4009 prius
385 3949 475 3995 definiti
486 3950 551 4010 plani
568 3959 655 4009 punctu
665 3950 689 3996 in
701 3949 753 4012 qui·
786 3951 895 3996 rectione.
929 3950 971 3996 Sin
980 3949 1053 4003 aliter,
1065 3949 1109 3996 erit
1121 3949 1144 3996 T
1153 3948 1223 4004 -S‚
1240 3961 1303 3993 error
1317 3946 1343 3991 in
1356 3955 1416 3992 tem·

119 4011 164 4057 bus
175 4020 266 4058 cometa
276 4013 374 4059 eandem
386 4012 558 4075 longitudinem
570 4029 597 4060 ac
607 4013 754 4060 latitudinem
787 4027 845 4074 pore
854 4023 905 4062 toto
914 4013 975 4060 inter
984 4012 1165 4060 mundonem
1181 4013 1281 4072 primam
1290 4020 1315 4057 et
1324 4008 1417 4057 tertiam

119 4073 656 4201 littt'·²t.tlt‘³htl⁹t.tl⁵{f.ttt
672 4110 755 4188 ..mni
787 4076 994 4188 ttulit?
1005 4072 1417 4187 i¹el⁰⁶‘¹i¹¹⁰..÷l¹³.i..“.iiil¹ii

120 4171 125 4178 ·
379 4173 406 4196 ·,
986 4173 994 4196 r
1075 4165 1107 4177 ·““
1143 4174 1150 4196 r

120 4200 218 4262 ejusque
236 4158 339 4263 puidam
355 4204 527 4268 magnitudine,
544 4215 650 4265 respectu
666 4204 755 4250 semitm
787 4201 934 4254 esuriamus
949 4203 1074 4252 inustione
1084 4203 1194 4264 temporis
1208 4201 1415 4250 interessemus

120 4262 224 4312 Telluris
239 4267 335 4330 ejusque
350 4272 461 4328 partium,
480 4268 574 4316 dabitur
587 4268 696 4315 velocitas
707 4266 755 4330 qui
787 4283 845 4318 narn
859 4268 959 4328 primam
969 4278 994 4315 et
1003 4267 1138 4323 secundam
1153 4265 1185 4314 ad
1194 4275 1288 4326 tempus
1303 4264 1364 4313 iuter
1374 4265 1417 4311 ob-

118 4339 210 4376 cometa
226 4329 292 4378 illam
309 4331 423 4386 describit,
441 4329 542 4394 ideisque
553 4331 647 4380 dabitur
661 4341 754 4391 tempus
787 4331 940 4380 mundonem
950 4331 1077 4378 mundun
1087 4342 1112 4377 et
1121 4330 1220 4384 tertiam,
1232 4338 1260 4376 ut
1270 4337 1348 4388 μετεὶς
1359 4342 1417 4375 nam

118 4407 167 4452 quo
182 4403 274 4440 comae
289 4409 355 4442 ereas
365 4395 425 4442 duas
437 4396 489 4456 jum
505 4397 612 4442 inventas
630 4395 750 4455 percurrit.
786 4395 1250 4458 inutrmuecesuunitasusurpaturpro
1261 4400 1417 4456 consequente

119 4457 226 4515 Tempus
245 4457 307 4504 illud
327 4467 405 4505 totum
426 4459 519 4509 dicatur
545 4460 575 4516 T,
603 4459 764 4520 capiaturque.
785 4459 882 4508 rationis
892 4458 953 4506 inter
962 4459 1018 4507 bina
1027 4467 1139 4518 tempora.

117 4531 231 4567 numerus
244 4521 271 4572 C,
285 4521 326 4582 qui
336 4522 366 4569 sit
376 4521 406 4568 ad
419 4527 440 4576 l,
459 4533 487 4569 ut
497 4533 592 4582 tempus
605 4524 666 4570 inter
676 4525 753 4570 obser.
780 4541 784 4565 t
818 4525 856 4588 (³)
873 4528 886 4554 ⁹
904 4525 1038 4586 Longam
1058 4526 1183 4581 monim,
1204 4537 1247 4582 per
1268 4536 1334 4568 uum.
1361 4524 1414 4569 145.

116 4583 235 4630 rationem
250 4583 351 4643 primam
361 4595 385 4632 et
395 4587 524 4633 secuudum
538 4586 568 4632 ad
584 4596 678 4646 tempus
693 4588 753 4633 inter
787 4587 888 4636 invente
1405 4590 1407 4598 ’

117 4647 300 4694 ominationem
312 4648 441 4696 secundem
454 4649 589 4706 streniam,
607 4651 652 4697 hoc
668 4658 709 4707 eat,
727 4659 754 4697 ut
819 4650 854 4716 (ο)
866 4655 880 4682 ⁰
893 4653 928 4698 Et
938 4651 1041 4712 rium
1051 4653 1182 4700 madae.
1218 4649 1340 4696 Harumce
1353 4661 1418 4694 urea-

119 4713 144 4756 Α
160 4710 190 4757 ad
207 4713 236 4758 B.
272 4711 385 4758 Smnatur
400 4711 515 4774 pretend
530 4713 596 4762 Gud
613 4719 635 4771 1,
651 4723 754 4762 uterere
786 4729 840 4762 ram
864 4713 925 4762 iuter
946 4725 993 4760 tres
1002 4714 1174 4762 observemus
1194 4713 1265 4760 radiis
1284 4712 1315 4758 ud
1338 4710 1417 4758 solem

116 4774 178 4820 inter
198 4775 383 4823 observationem
404 4776 508 4838 primum
530 4787 556 4826 et
576 4777 703 4826 monadem
724 4777 755 4825 ad
787 4776 865 4828 ductis
875 4777 1042 4841 descriptarum
1052 4778 1111 4827 ratio
1121 4779 1152 4826 sit
1160 4785 1189 4824 ut
1198 4775 1262 4840 gad
1276 4773 1390 4837 luitque
1398 4782 1415 4827 r.

150 4861 211 4910 Vor..
226 4862 279 4910 111.
296 4862 363 4910 Pne
375 4861 414 4912 11.
746 4863 773 4914 N

1590 4718 1594 4745 l
