3392 5675
267 442 297 501 vi
427 439 760 505 INTRODUCTIO
782 439 852 503 AD.
873 440 1015 518 LUNAE
1037 441 1306 519 THEORIAM,
1327 444 1386 509 &c-

239 594 243 601 ’
308 606 429 673 Eadem
450 610 577 686 ratione,
600 608 784 671 variationes
804 608 1051 695 motus'apogaei
1071 620 1103 672 et
1122 623 1227 671 motus
1248 608 1406 671 nodorum
1426 628 1468 669 ex
1485 606 1549 675 nitu

265 716 388 780 diverso
400 717 510 780 Terrae
525 717 564 779 ad
579 716 737 800 aphelium
751 730 805 780 aut
814 710 1000 799 perihelium
1011 739 1103 779 suurn
1118 738 1159 779 ex
1173 716 1335 801 utriusque
1345 714 1548 781 mommedio

264 822 339 887 dato
353 824 386 886 in
400 823 536 887 secundo
550 822 749 907 paragrapho
763 822 905 885 derivare
918 823 1058 885 docetur.

308 930 371 992 His
394 951 434 993 ex
455 929 686 993 excentricitate
700 929 809 991 orbitae
825 929 962 993 Telluris
975 930 1117 997 deductis
1137 928 1326 1017 adjungatur
1340 928 1548 993 consideratio

265 1038 636 1117 excentricitatisorbitae
657 1039 785 1117 lunaris,
808 1052 863 1104 aut
884 1041 950 1124 ejus
970 1040 1179 1105 inclinationis
1199 1040 1241 1104 ad
1262 1040 1452 1124 eclipticam:
1474 1040 1546 1103 inde
1654 1052 1661 1061 '

264 1170 353 1211 novae
367 1148 608 1234 irregularitates
623 1149 780 1233 prioribus
790 1150 1016 1216 adnascuntur.

308 1254 426 1337 Primo,
439 1256 554 1319 mensis
564 1256 739 1339 periodicus
749 1258 844 1341 paulo
859 1259 959 1341 major
973 1258 1011 1323 fit
1024 1256 1098 1323 crim
1110 1258 1194 1321 linea
1211 1258 1355 1343 apsidum
1369 1281 1427 1343 per
1443 1260 1548 1325 Solem

263 1360 375 1423 transit
388 1358 482 1445 quam
503 1358 576 1425 crim
590 1363 650 1447 ipsi
665 1374 712 1425 est
724 1364 1000 1449 perpendicularis,
1022 1366 1097 1431 hinc
1118 1367 1272 1432 correctio
1285 1390 1367 1431 nova
1378 1369 1549 1453 aequationi

262 1477 365 1528 motus
386 1465 489 1543 medii,
516 1488 586 1552 qnae
609 1468 642 1529 in
665 1468 767 1552 primo
790 1470 908 1533 Scholii
928 1472 1125 1558 paragrapho
1145 1474 1322 1558 exponitur,
1338 1485 1385 1536 est
1397 1473 1547 1551 facienda,

262 1577 344 1641 hanc
357 1602 471 1643 novam
485 1581 691 1665 ‘aequationem
713 1581 756 1645 ill.
775 1582 923 1647 Cassinus
939 1584 1073 1648 exhibet·
1086 1586 1120 1647 in
1141 1585 1255 1648 tabella
1270 1586 1358 1669 cujus
1373 1583 1480 1647 titulus
1502 1586 1550 1646 es't

262 1689 398 1753 Secunda
413 1690 565 1773 AEquntio
579 1690 695 1756 Solaria
709 1700 740 1753 et
754 1692 846 1753 tertio
859 1693 1058 1778 paragrapho
1074 1680 1191 1758 Scholii
1205 1693 1348 1757 traditur.

305 1794 420 1857 Itidem
435 1795 460 1857 si
474 1795 722 1859 lineanodorum
731 1819 789 1880 per
801 1798 908 1861 Solem
914 1810 1061 1876 transeat,
1071 1799 1274 1883 paulo-major
1288 1799 1348 1862 erit
1359 1798 1441 1862 Solis
1456 1797 1547 1873 actio,

262 1914 293 1965 et
315 1903 465 1965 correctio
480 1925 564 1967 nova
578 1904 691 1995 exinde
705 1916 849 1967 nascetur
869 1905 971 1968 eidem
985 1906 1084 1969 motui
1098 1906 1212 1982 medio,
1236 1904 1318 1967 hanc
1332 1915 1444 1988 quarto
1457 1924 1548 1986 para·

261 2012 384 2099 grapho
401 2010 518 2075 Scholii
531 2011 650 2075 indicat
664 2012 845 2075 Newtonus.

307 2120 462 2184 Praeterea
492 2118 707 2182 excentricitas
736 2120 805 2204 ipsa
834 2120 945 2183 orbitae
974 2119 1091 2183 lunaris
1121 2140 1161 2181 ex
1190 2117 1313 2181 diverso
1338 2116 1400 2179 situ
1427 2114 1548 2200 apogaei

261 2238 404 2309 respectu
421 2226 502 2290 Solis
517 2236 665 2302 mutatur,
688 2248 771 2289 nunc
786 2228 886 2311 major
898 2247 983 2288 nunc
997 2226 1101 2289 minor
1115 2223 1228 2300 evadit,
1249 2223 1345 2309 idque
1360 2221 1454 2285 etiam
1473 2220 1549 2282 inae-

261 2332 396 2419 qualiter
410 2356 469 2418 pro
484 2333 629 2397 distantia
646 2332 784 2397 Telluris
799 2358 819 2397 a
836 2334 918 2399 Sole.

237 2517 248 2540 .
305 2440 427 2503 Rursus
449 2440 516 2525 ipse
538 2454 641 2505 motus
663 2444 785 2529 apogaei
799 2454 895 2527 prout
909 2463 1075 2528 apogaeum
1089 2440 1296 2504 diversimode
1317 2439 1411 2503 sitnm
1432 2451 1480 2502 est
1500 2459 1549 2500 re-
1586 2445 1588 2448 '

262 2558 369 2630 spectu
386 2547 466 2611 Solis
482 2558 628 2624 mutatur,
652 2548 726 2611 hinc
740 2549 875 2634 aequatio
887 2548 1011 2635 apogaei
1025 2546 1163 2609 nascitur
1184 2567 1282 2630 eaque
1297 2544 1424 2629 duplex,
1447 2543 1550 2626 prima

262 2652 469 2736 supponendo
485 2652 622 2717 Telluris
638 2677 657 2717 a
674 2654 746 2718 Sole
761 2653 941 2718 distantiam
956 2664 1159 2734 constantem,
1178 2652 1276 2715 altera
1289 2650 1365 2715 vero
1379 2650 1496 2735 pendet
1509 2670 1549 2712 ex
1629 2736 1631 2740 .

261 2758 433 2821 mutatione
448 2757 622 2821 distationae
638 2745 774 2822 Telluris
790 2783 809 2821 a
825 2759 907 2823 Sole.
958 2821 961 2827 .

306 2864 395 2928 Hinc
409 2864 535 2928 tandem
550 2863 622 2928 crim
644 2866 754 2930 orbitae
773 2868 892 2932 lunaris
904 2852 1014 2945 forma,
1030 2867 1246 2932 excentricitas
1260 2877 1292 2930 et
1304 2865 1426 2951 apogaei
1436 2863 1550 2948 positio

262 2982 422 3048 mutetur,¹
435 2971 563 3034 omnino
578 2983 738 3036 mutantur
752 2975 961 3039 correctiones
975 2975 1038 3038 illoe
1052 2997 1124 3060 quoe
1144 2974 1378 3044 deducebantur
1392 2995 1433 3036 ex
1448 2971 1549 3055 Lunae

262 3081 495 3146 excentricitate
508 3081 669 3158 mediocri,
692 3105 763 3168 quae
785 3085 995 3170 aequationem
1017 3085 1149 3149 solutam
1172 3084 1417 3159 constituebant3
1439 3083 1549 3146 ultimo

208 3228 214 3244 .
263 3199 366 3251 autem
384 3183 502 3252 Scholii
515 3188 713 3274 paragrapho
729 3189 902 3253 Newtonus
923 3191 1016 3255 docet
1030 3191 1090 3278 qud
1105 3193 1225 3264 ratione
1246 3213 1335 3254 novae
1350 3191 1412 3254 illae
1427 3211 1549 3254 correc

262 3295 362 3359 tiones
385 3295 446 3358 sint
467 3296 695 3358 instituendaez‘
707 3298 813 3362 omnia
827 3297 903 3362 verd
924 3300 958 3362 in
978 3299 1040 3364 hoc
1056 3301 1194 3365 Scholio'
1205 3302 1272 3363 sine
1286 3298 1548 3362 demonstratione

263 3401 368 3478 tradit,
384 3424 442 3466 nec
456 3402 593 3464 indicato
607 3423 736 3466 suornm
750 3406 941 3469 calculorum
956 3407 1098 3482 artificio,
1113 3406 1246 3491 ideoque
1259 3405 1359 3468 nostri
1372 3405 1548 3487 putavimus

264 3507 367 3584 officii,
386 3529 456 3572 eam
465 3507 614 3594 indagare
624 3509 706 3572 viam
721 3511 772 3572 cui
786 3511 958 3577 Newtonus
973 3511 1059 3577 iniis
1071 3511 1262 3595 reperiendis
1273 3512 1415 3574 insistere
1428 3509 1548 3587 debuit,

264 3611 371 3676 labore
384 3613 510 3699 quidem
532 3634 597 3676 non
618 3636 725 3698 parvo,
750 3638 893 3681 successu
907 3617 1133 3703 quahcumque,
1156 3619 1272 3682 utinam
1295 3619 1460 3683 lectoribus
1481 3637 1547 3681 non

157 3735 161 3744 '
264 3732 396 3806 ingrato.
