3392 5675
142 492 254 563 Lrara
269 493 450 579 'Isarrus.]
499 492 740 559 PRINCIPIA
763 488 1132 558 MATHEMATICA.
1365 494 1425 550 113

143 660 289 728 distantia
315 669 384 748 (per
412 658 629 730 Corollarium'
646 664 798 747 superius)
825 676 872 727 est
896 664 936 726 ad
960 662 1136 725 distantiam
1152 658 1258 723 'centri
1277 657 1384 720 Lunae
1409 680 1429 718 a

143 770 478 857 communi'gravitatis·
489 782 596 833 centro
611 770 721 833 Terrae
736 782 767 832 et
783 770 895 845 Lunae,
910 776 1075 835 11140788
1091 767 1132 830 ad
1147 773 1279 833 39·788:
1296 764 1434 859 ideoque

144 879 289 965 distantia
311 878 464 963 posterior
491 890 536 941 est
559 878 675 961 pedum
701 884 922 942 1158868584.
967 876 1009 939 Et
1032 874 1105 939 crim
1128 874 1221 937 Luna
1243 873 1426 947 revolvatur,

143 976 288 1073 respectu
301 986 445 1063 fixarum,
469 986 578 1053 diebus
594 992 646 1061 27,
662 984 747 1048 horis
763 992 792 1060 7,
812 996 842 1047 et
856 982 983 1045 minutis
998 981 1105 1065 primis
1120 981 1199 1061 4323
1224 980 1309 1041 sinus
1322 1000 1429 1041 versus

11 1086 13 1131 ἶ
111 1151 117 1161 .
143 1094 259 1181 anguli,
284 1117 377 1178 quem
392 1093 484 1158 Luna
504 1104 645 1176 ternpore
666 1092 777 1155 minuti
792 1092 883 1155 unius
898 1092 991 1175 primi
1005 1091 1161 1166 describit,
1184 1101 1231 1153 est
1247 1096 1426 1166 11750341,

145 1206 295 1269 existente
320 1203 408 1267 radio
435 1210 810 1278 1000,000000,000000.
857 1200 900 1262 Et
919 1211 955 1263 ut
975 1198 1081 1263 radius
1103 1210 1150 1262 est
1170 1197 1210 1261 ad
1227 1198 1312 1261 hunc
1327 1197 1428 1259 sinum

142 1334 278 1388 versum,
302 1311 346 1374 111
360 1322 432 1373 sunt
446 1310 541 1392 pedes
559 1317 769 1374 1158268534
794 1308 834 1371 ad
858 1308 953 1391 pedes
972 1313 1183 1375 14.7706353·
1228 1306 1320 1369 Luna
1333 1306 1429 1394 igitur

143 1419 174 1480 11
195 1416 258 1495 illa,
283 1414 344 1501 quai
359 1416 509 1479 retinetur
523 1416 556 1478 in
573 1416 657 1491 orbe,
683 1415 823 1479 cadendo
837 1415 871 1476 in
885 1414 1029 1491 Terram,
1055 1426 1196 1497 tempore
1210 1414 1323 1477 minuti
1336 1414 1428 1476 unius
1527 1469 1529 1474 1

141 1526 236 1610 primi
259 1525 412 1588 describet
436 1525 531 1609 pedes
560 1532 771 1591 14.7706353.
819 1523 863 1586 Et
887 1522 1031 1609 augendo
1056 1523 1137 1585 hanc
1163 1523 1226 1606 vim
1251 1522 1429 1585 irratione

145 1639 185 1699 17
188 1632 248 1715 gii
274 1632 314 1694 ad
342 1631 453 1715 mida
479 1630 645 1693 habebitur
659 1630 705 1691 vis
720 1640 785 1691 tota
799 1629 957 1715 gravitatis
983 1629 1016 1690 in
1041 1628 1117 1691 orbe
1133 1627 1234 1692 Lunae
1248 1649 1306 1711 per
1322 1628 1428 1691 Corol.

145 1738 242 1820 Prop.
255 1737 319 1800 111.
357 1736 401 1799 Et
414 1734 472 1797 hac
486 1736 517 1798 vi
532 1736 624 1798 Luna
638 1734 779 1825 cadendo
789 1746 929 1819 ternpore
943 1734 1056 1796 minuti
1069 1734 1161 1797 unius
1171 1733 1264 1819 primi
1276 1732 1430 1797 describet

141 1844 238 1927 pedes
256 1847 470 1907 14.8538067·
514 1840 1155 1927 111111101110111111111111110111111111111111
1173 1827 1275 1904 Lunae
1289 1864 1309 1904 a
1322 1852 1429 1903 centro

144 1950 263 2025 Terrae,
291 1949 324 2013 id
347 1961 392 2013 est
411 1948 451 2011 ad
474 1948 649 2012 distantiam
663 1948 782 2032 pedum
799 1955 988 2016 197896573
1011 1972 1032 2011 a
1050 1963 1158 2013 centro
1173 1950 1292 2027 Terrae,
1316 1972 1429 2034 corpus
1464 2004 1470 2017 .

144 2080 241 2143 grave
270 2068 409 2140 ternpore
437 2058 549 2120 mInuti
579 2056 670 2121 unius
700 2057 829 2121 secundi
858 2058 1002 2121 cadendo
1032 2058 1186 2123 describet
1213 2060 1305 2123 etiam
1332 2061 1428 2143 pedes

146 2173 357 2233 1485311067.
405 2165 544 2251 Ideoque
559 2164 599 2228 ad
614 2166 792 2229 distantiam
811 2166 929 2249 pedum
945 2175 1124 2243 19615800,
1147 2164 1217 2252 quae
1231 2181 1303 2231 suut
1313 2157 1433 2231 ,Terrae'

142 2272 385 2335 semi-diameter
405 2272 580 2347 mediocris,
607 2294 701 2357 grave
719 2270 864 2359 cadendo
886 2271 1040 2335 describet
1054 2273 1155 2357 ‚pedes
1179 2281 1349 2351 1511175,
1373 2296 1428 2337 seu

141 2379 306 2463 pedes-15,
324 2378 388 2464 dig.
401 2387 434 2453 .1‚
457 2389 490 2441 et
509 2378 665 2456 11114111.Δ
696 2378 761 2441 Hic
780 2378 838 2441 erit
852 2377 1018 2441 descensus
1040 2400 1206 2461 corporum
1220 2379 1253 2439 in
1267 2378 1429 2443 latitudine

141 2489 299 2575 graduum
321 2496 373 2551 15.
419 2486 462 2551 Et
485 2508 542 2571 per
557 2485 694 2551 tabulam
707 2486 939 2569 praecedentem
961 2486 995 2547 in
1019 2486 1119 2569 Prop.,
1132 2486 1215 2559 XX,
1232 2487 1427 2571 descriptam,
1505 2464 1507 2471 Ι

143 2596 311 2659 descensus
337 2594 395 2683 erit
419 2592 514 2677 paulo
538 2593 637 2676 major
660 2592 692 2653 in
715 2591 880 2655 latitudine
904 2592 1038 2653 Lutetiae
1063 2592 1254 2679 Parisiorum
1278 2593 1451 2655 existente'

16 2780 25 2791 ἱ
144 2727 274 2769 excessu
296 2702 383 2788 quasi
407 2701 427 2785 ξ
451 2701 586 2785 partium
611 2700 711 2763 lineae.
767 2699 885 2765 Gravia
907 2700 1003 2787 igitur
1025 2720 1083 2782 per
1104 2698 1167 2761 hoc
1188 2711 1371 2782 com-putum
1395 2700 1429 2761 in

156 2811 307 2878 atitudine
330 2808 464 2875 Lutetiae
486 2808 628 2872 cadendo
652 2808 684 2872 in
710 2830 807 2872 vacuo
829 2807 1006 2871 describent
1027 2819 1167 2891 tempore
1188 2808 1279 2872 unius
1301 2808 1429 2874 secundi

140 2917 238 3002 pedes
256 2916 447 2988 Parisienses
464 2923 514 2992 15,
531 2914 594 3002 dig.
613 2923 640 2990 l,
658 2926 688 2977 et
702 2913 756 2978 lin.
772 2915 833 2994 43}
849 2913 979 2976 circiter.
1018 2914 1061 2977 Et
1075 2915 1101 2976 si
1115 2915 1250 3000 gravitas
1271 2915 1429 2980 minuatur

141 3023 313 3090 auferendo
337 3023 402 3086 vim
427 3020 642 3107 centrifugam,
669 3043 739 3106 quae
764 3021 864 3083 oritur
888 3043 908 3082 a
932 3031 1020 3083 motu
1044 3019 1157 3083 diurno
1184 3020 1294 3083 Terrae
1318 3021 1353 3083 in
1378 3022 1429 3084 illa

140 3131 316 3207 latitudine,
342 3129 448 3216 gravia
473 3129 517 3192 ibi
543 3128 686 3192 cadendo
700 3128 877 3192 describent
898 3140 1038 3212 tempore
1052 3129 1164 3192 minuti
1187 3129 1278 3191 unius
1294 3131 1447 3207 secundi,

139 3241 238 3325 pedes
256 3248 305 3316 15,
322 3238 385 3324 dig.
404 3247 433 3313 1,
449 3249 479 3300 et
493 3236 547 3300 lin.
567 3241 616 3316 11.
661 3236 704 3298 Ε1
716 3235 775 3298 hac
790 3236 952 3299 velocitate
966 3237 1074 3322 gravia
1094 3235 1205 3299 cadere
1219 3235 1252 3298 in
1266 3236 1429 3301 latitudine

144 3347 286 3412 Lutetia,
296 3368 391 3430 supra
405 3357 565 3428 ostensum
579 3356 626 3406 est
640 3343 680 3406 ad
696 3344 793 3428 Prop.
810 3344 868 3406 IV.
884 3356 915 3407 et
930 3345 1030 3407 XIX.

185 3459 284 3521 00101.
309 3466 339 3520 8.
383 3455 541 3546 Distantia
554 3453 718 3516 mediocris
741 3465 917 3516 centrorum
933 3452 1042 3515 Terrae
1066 3465 1097 3516 et
1119 3453 1220 3517 Lunae
1241 3454 1274 3516 in
1297 3454 1429 3542 syzygiis

142 3567 245 3630 Lunae
261 3578 308 3630 est
322 3566 484 3652 sexaginta
498 3541 811 3628 semi-diametrorum
826 3553 1034 3624 maximarum
1048 3561 1169 3637 Terrae,
1197 3560 1323 3645 dempti
1338 3566 1430 3628 trice·

80 3753 84 3759 K
141 3673 219 3736 sima
242 3685 332 3758 parte
358 3671 592 3736 semi-diametri
618 3671 749 3734 circiter.
794 3671 836 3734 Et
865 3671 898 3732 in
927 3671 1124 3756 quadraturis
1153 3671 1255 3733 Luuae
1284 3673 1428 3736 distantia

141 3779 307 3843 mediocris
323 3778 493 3842 eorundem
515 3790 692 3840 centrorum
708 3788 754 3839 est
769 3780 830 3861 601
846 3755 1158 3840 semi-diametrorum
1179 3776 1300 3840 Terrae.
1345 3777 1429 3840 Nam

140 3885 279 3950 haeduae
295 3885 450 3948 distantiae
465 3895 537 3946 sunt
559 3881 600 3946 ad
623 3882 801 3946 distantiam
816 3882 1004 3945 mediocrem
1020 3882 1121 3944 Lunae
1142 3880 1176 3942 in
1198 3881 1370 3964 octantibus
1393 3895 1428 3946 ut
1464 3936 1467 3940 .
1565 3891 1569 3900 '

142 3999 184 4055 69
200 4004 232 4054 01
247 3999 288 4058 70
303 3989 343 4066 ad
358 3993 419 4070 691
436 4010 493 4072 per
508 3988 603 4071 Prop.
620 3988 787 4051 XXVIII.
1085 4070 1087 4077 y

187 4097 285 4159 Corol.
301 4106 331 4159 9.
377 4094 535 4158 Distantia
548 4093 713 4156 mediocris
727 4104 907 4156 centrorum
921 4093 1031 4156 Terrae
1056 4107 1087 4156 et
1113 4093 1214 4158 Lunae
1238 4094 1271 4157 in
1297 4095 1427 4180 syzygiis

142 4201 246 4292 Lunae
271 4213 319 4262 est
342 4199 502 4285 sexaginta
528 4198 840 4262 semi-diametrorum
865 4199 1068 4262 mediocrium
1084 4199 1194 4263 Terrae
1212 4221 1285 4262 cum
1307 4201 1427 4266 decima
1500 4255 1508 4282 ,

139 4318 231 4388 parte
246 4304 489 4380 semidiametri.
537 4304 580 4367 Et
593 4305 626 4366 in
641 4305 836 4389 quadraturis
853 4305 955 4369 Lunae
969 4305 1114 4369 distantia
1134 4304 1299 4390 mediocris
1313 4330 1428 4375 eorun-

140 4414 215 4476 dem
241 4426 419 4478 centrorum
448 4426 494 4478 est
523 4413 684 4500 sexaginta
708 4424 740 4477 et
765 4414 857 4478 unius
885 4415 1198 4478 semi-diametrorum
1225 4417 1428 4480 mediocrium

143 4519 264 4596 Terrae,
281 4519 405 4604 demptai
420 4518 574 4584 tricesima
590 4533 678 4603 parte
693 4519 937 4584 semi-diametri.

761 4831 814 4902 11⁴.
