3392 5675
125 468 450 553 LruanTnar1ua],
486 468 728 537 PRiNCIPIA
751 466 1123 535 MATHEMATICA.
1353 469 1419 525 155
1497 517 1502 524 .

125 638 228 702 tudini
249 640 318 717 Vt,
343 640 599 706 determinabitur
620 652 771 725 punctum
792 639 822 703 B
843 638 929 724 quod
950 634 1051 722 primri
1070 636 1139 699 vice
1160 652 1312 717 usurpare
1332 630 1414 693 licet.

126 748 165 833 (²)
190 746 277 813 Tum
301 748 386 814 recti
413 750 488 830 AC
514 750 616 818 deleth
641 762 673 815 et
699 746 872 814 secundum
900 745 1129 831 praecedentam
1152 741 1416 845 constructionem

126 2036 240 2139 iteruin
254 2074 357 2151 ducti,
373 2086 405 2139 et
418 2074 543 2139 inventri
560 2076 686 2159 insuper
700 2074 897 2163 longitudine
911 2074 951 2141 M
967 2077 995 2141 P
1003 2100 1013 2153 3
1034 2076 1068 2139 in
1082 2088 1096 2140 t
1111 2077 1141 2141 B
1155 2076 1295 2160 capiatur
1308 2063 1415 2159 ¹punc-

126 2194 195 2247 tum
208 2182 240 2260 b,
263 2202 282 2245 e
301 2181 381 2268 lege,
401 2193 441 2275 'ut
455 2182 482 2245 si
497 2181 529 2245 T
543 2182 585 2259 A,
601 2206 617 2240 r
633 2180 661 2245 C
676 2204 710 2246 se
723 2180 832 2246 mutud
847 2183 1003 2246 secuerint
1020 2181 1053 2245 in
1069 2182 1110 2260 Y,
1134 2183 1173 2246 sit
1187 2182 1333 2245 distantia
1346 2180 1378 2243 Y
1392 2180 1415 2243 b

127 2290 167 2357 ad
190 2290 368 2355 distantiam
390 2292 424 2355 Y
438 2292 477 2368 Β,
504 2292 537 2353 in
564 2291 684 2355 ratione
709 2289 881 2375 compositi
901 2313 942 2354 ex
962 2291 1083 2355 ratione
1109 2290 1150 2355 M
1166 2290 1193 2353 P
1211 2290 1253 2354 ad
1276 2289 1315 2354 M
1330 2289 1363 2352 N
1384 2300 1416 2352 ct

126 2400 247 2463 ratione
269 2399 484 2485 subduplicatd
509 2401 577 2465 SB
599 2400 639 2463 ad
663 2400 731 2465 Sb.
777 2398 820 2465 Et
834 2400 944 2464 aridem
957 2399 1108 2463 methodo
1121 2398 1342 2462 inveniendum
1356 2398 1417 2461 erit
1490 2444 1492 2452 ·
1537 2417 1539 2424 ’

126 2518 280 2588 punctum
301 2506 427 2571 tertium
446 2508 469 2581 β
487 2506 514 2569 si
534 2504 629 2569 modo
644 2506 857 2589 operationem
871 2504 962 2569 tertio
977 2518 1118 2590 repetere
1131 2504 1227 2570 lubet.
1271 2504 1335 2570 Sed
1356 2503 1419 2567 hac

127 2612 277 2676 methodo
291 2606 488 2697 operationea'
501 2610 573 2677 duae
588 2622 623 2675 ut
636 2611 807 2695 plurimum
822 2610 1009 2675 suffecerint.
1054 2610 1140 2673 Nam
1153 2610 1180 2673 si
1194 2610 1338 2673 distantia
1353 2610 1416 2674 Bb

160 2780 197 2848 (²)
210 2787 224 2813 '⁶
245 2781 383 2832 Tomrectd
399 2785 461 2837 Ac,
477 2780 558 2831 deletd·
592 2782 754 2829 Detennineto

126 2857 214 2908 puncto
233 2848 262 2902 Β,
279 2846 343 2909 quod
358 2846 435 2908 prima
450 2847 564 2895 vicelicet
573 2861 692 2908 usupare,
708 2862 753 2896 cae·

126 2920 184 2967 tm,
194 2925 248 2972 quae
258 2910 367 2972 deinceps
376 2921 527 2960 unumuntur
537 2919 624 2972 puncta
634 2909 718 2970 nempe
729 2913 753 2968 b,

126 2979 150 3034 β,
170 2975 241 3022 aliern
257 2977 451 3024 constructionem
468 2973 593 3036 postulant.
629 2974 681 3022 Nec
699 2976 754 3022 setis

126 3037 235 3100 estquod
245 3047 360 3098 punctum
370 3041 392 3093 b,
405 3048 511 3086 sumetur
521 3039 615 3098 propius
625 3048 712 3097 puncto
722 3039 753 3094 Ι,

126 3101 186 3150 dum
197 3101 259 3152 linea
271 3103 300 3148 M
314 3103 343 3155 P,
354 3103 431 3149 minor
440 3111 475 3150 cst
484 3101 556 3164 quhm
569 3102 593 3148 A
606 3099 626 3148 C
637 3101 674 3148 vel
687 3102 715 3148 M
728 3101 753 3148 N

127 3164 164 3229 (iu
181 3165 222 3227 fig.
245 3165 336 3228 Newt.)
355 3175 381 3214 et
396 3164 482 3214 conor.
526 3165 573 3216 sed
593 3164 648 3226 quia
668 3163 753 3214 ducere

126 3237 217 3287 oportet
226 3238 314 3276 rectam
327 3230 350 3276 A
364 3231 392 3284 G,
404 3245 457 3291 quae
467 3229 496 3276 ait
507 3228 601 3292 aqualis
612 3228 754 3290 longitudini
836 3248 850 3291 χ

127 3292 157 3338 M
169 3293 197 3348 P,
210 3292 314 3352 capiatur
323 3293 368 3340 int
381 3294 411 3350 B,
423 3303 537 3352 punctum
548 3295 571 3350 b,
582 3291 610 3338 ea
624 3293 678 3354 lege
686 3303 714 3338 ut
723 3292 753 3340 rit

127 3353 237 3404 distantia
255 3355 310 3412 ΥΒ,
330 3355 360 3404 ed
377 3356 508 3404 durantem
529 3357 552 3404 Y
573 3357 602 3412 B,
622 3355 647 3402 in
664 3355 753 3402 ratione

127 3419 409 3542 tramutata
422 3421 486 3531 ll?
501 3419 753 3532 utuntur

125 3555 255 3658 {litii}
267 3545 754 3672 itlffiuffli‘lgffllzffil'tl‘ssglffl:

126 3671 176 3719 dini
189 3673 218 3720 M
227 3673 249 3720 P
260 3674 360 3736 aequalis,
369 3675 388 3721 ai
399 3673 440 3722 illa
449 3671 493 3722 haic
501 3673 531 3720 ait
540 3675 614 3736 major
621 3673 758 3730 autminor,'

101 3730 106 3743 ‘
116 3736 255 3784 'minuenda
265 3737 309 3784 erit
325 3739 361 3784 vel
375 3737 482 3801 augenda
492 3737 565 3784 donec
576 3736 676 3800 aquales
686 3735 751 3794 fiant,

125 3811 273 3862 aequarentur
283 3809 362 3848 autem
373 3816 414 3862 par
423 3801 495 3848 solem
506 3801 605 3862 priorem
613 3799 723 3848 rationem
733 3801 753 3848 si
859 3858 862 3864 Ι

126 3863 157 3910 Μ
170 3863 192 3910 Ρ
207 3863 267 3910 foret
276 3874 396 3912 constans.
434 3865 498 3920 Quia
507 3864 561 3912 reni
571 3864 673 3912 variante
685 3866 707 3910 A
723 3864 751 3922 C,
873 3885 884 3914 ,-

127 3926 242 3986 perpetuo
258 3943 351 3990 quoque
361 3929 476 3976 variabilis
487 3937 521 3974 eat
531 3939 593 3976 recte
609 3929 639 3976 M
652 3927 681 3984 P,
698 3927 751 3974 ided
791 3962 792 3968 η

124 3988 256 4038 adhibenda
266 4000 301 4038 est
310 3992 382 4040 altera
393 3993 458 4040 ratio.
488 3993 544 4041 Jam
555 3992 580 4038 in
590 3991 704 4052 parabolis
711 4006 752 4050 per

123 4063 214 4113 puncta
231 4057 262 4110 Α,
284 4055 313 4112 Β,
327 4057 356 4114 C,
373 4065 397 4104 et
412 4072 433 4110 a,
445 4059 467 4112 b,
480 4071 500 4112 c,
517 4054 644 4116 descriptis,
660 4055 752 4102 chordae

124 4131 225 4164 arcuum
243 4119 267 4165 A
281 4119 303 4166 Β
317 4121 345 4172 Ο,
363 4122 433 4174 abc,
451 4119 476 4165 in
487 4119 572 4180 quibus
582 4117 681 4182 equales
696 4127 752 4165 sunt

123 4191 194 4227 recta
208 4181 229 4230 Β
242 4183 274 4240 Ε,
285 4185 301 4230 b
312 4199 333 4240 e,
344 4183 373 4230 ad
385 4183 522 4230 umbilicum
535 4183 551 4230 S
562 4183 682 4230 tendentes
692 4183 752 4228 inter

123 4244 235 4292 uerticem
246 4255 270 4293 et
280 4247 390 4294 chordam
405 4249 546 4306 intercepta,
563 4257 617 4293 sunt
628 4247 652 4292 in
663 4245 752 4292 ratione

123 4307 288 4369 subduplicatrl
299 4319 413 4358 rectarum
426 4312 480 4366 SB,
494 4311 511 4357 S
521 4312 537 4357 b
549 4313 587 4373 (ut
597 4308 714 4371 colligitur
722 4324 751 4356 ex

125 4371 213 4418 Tbeor·
225 4373 247 4420 1⁵
257 4383 281 4420 et
290 4374 326 4420 11.
336 4373 365 4422 dc
376 4377 452 4434 parab.
457 4374 475 4434 ).
502 4371 618 4421 haereret
627 4374 666 4437 (ex
674 4371 750 4434 dem.)

124 4437 226 4496 aquales
236 4446 291 4484 sunt
302 4446 370 4485 rectae
382 4438 404 4485 Β
413 4437 443 4495 E,
451 4440 488 4485 be
498 4434 684 4500 quamproxime;
696 4447 752 4484 aunt

124 4501 195 4549 enim,
205 4501 279 4560 spatie
294 4517 308 4548 a
323 4499 414 4548 cometrl
425 4516 503 4548 versus
518 4501 595 4550 Solem
606 4499 710 4548 cadendo
726 4499 752 4548 in

124 4560 220 4610 diverds
227 4566 257 4612 ab
264 4563 306 4612 illo
314 4564 428 4613 distantiis
436 4564 517 4612 eodem
525 4575 628 4625 tempore
636 4578 750 4624 percursa,
784 4570 884 4632 primam
902 4581 927 4619 α
944 4573 1035 4634 mum
1053 4571 1181 4636 ᾶωῑμ,
1212 4576 1301 4634 ,ρωρ
1316 4581 1414 4628 hm,
1471 4577 1474 4580 ’

124 4635 150 4673 et
167 4628 292 4702 vestigium
310 4638 406 4703 cometae
427 4628 630 4677 inobservatum
649 4625 752 4702 secundi
785 4646 901 4696 punctum
917 4638 941 4694 b,
957 4648 1054 4685 mmm
1070 4640 1192 4702 'effigium
1209 4641 1234 4687 j„
1245 4644 1414 4703 pmwppfi,

124 4703 259 4749 proxrmutn
270 4700 305 4739 est
315 4693 393 4740 venui
404 4692 471 4741 archs
489 4694 512 4740 A
525 4693 547 4740 Β
560 4693 589 4750 C,
605 4707 647 4742 ceu
661 4692 752 4755 vesugir
786 4713 831 4752 ω,
845 4714 893 4744 non
909 4695 986 4748 talne„
997 4713 1139 4760 mmmm,
1157 4703 1197 4752 φᾶ
1212 4721 1266 4753 „10
1280 4707 1413 4766 promum

123 4753 751 4828 portiouietrcjeotnriaacometaiinterobaervationem
786 4761 907 4811 duntexct·

63 4849 70 4860 ·
130 4835 141 4876 ¹,
159 4831 286 4907 chlII.
303 4841 370 4891 Pars
385 4841 420 4892 11.
762 4847 784 4896 L
