<?xml version="1.0" encoding="UTF-8"?>
<!DOCTYPE html PUBLIC "-//W3C//DTD XHTML 1.0 Transitional//EN"
    "http://www.w3.org/TR/xhtml1/DTD/xhtml1-transitional.dtd">
<html xmlns="http://www.w3.org/1999/xhtml" xml:lang="en" lang="en">
 <head>
  <title>
</title>
<meta http-equiv="Content-Type" content="text/html;charset=utf-8" />
  <meta name='ocr-system' content='tesseract 3.04.00' />
  <meta name='ocr-capabilities' content='ocr_page ocr_carea ocr_par ocr_line ocrx_word'/>
</head>
<body>
  <div class='ocr_page' id='page_1' title='image "./philosophinatur04wriggoog_0135.png"; bbox 0 0 3392 5675; ppageno 0'>
   <div class='ocr_carea' id='block_1_1' title="bbox 269 423 1550 505">
    <p class='ocr_par' dir='ltr' id='par_1_1' title="bbox 269 423 1550 505">
     <span class='ocr_line' id='line_1_1' title="bbox 269 423 1550 505; baseline 0 -14"><span class='ocrx_word' id='word_1_1' title='bbox 269 433 331 491; x_wconf 73' lang='lat'><em>124</em></span> <span class='ocrx_word' id='word_1_2' title='bbox 547 423 888 491; x_wconf 79' lang='lat' dir='ltr'>PHILOSOPHIAE</span> <span class='ocrx_word' id='word_1_3' title='bbox 911 424 1182 491; x_wconf 84' lang='lat' dir='ltr'>NATURALIS</span> <span class='ocrx_word' id='word_1_4' title='bbox 1227 426 1299 505; x_wconf 81' lang='lat' dir='ltr'><em>[Du</em></span> <span class='ocrx_word' id='word_1_5' title='bbox 1314 424 1437 489; x_wconf 82' lang='lat' dir='ltr'><em>Muun.</em></span> <span class='ocrx_word' id='word_1_6' title='bbox 1455 425 1550 491; x_wconf 83' lang='lat' dir='ltr'><em>Srsr.</em></span> 
     </span>
    </p>
   </div>
   <div class='ocr_carea' id='block_1_2' title="bbox 267 591 1556 784">
    <p class='ocr_par' dir='ltr' id='par_1_2' title="bbox 267 591 1556 784">
     <span class='ocr_line' id='line_1_2' title="bbox 309 591 1556 678; baseline 0 -21"><span class='ocrx_word' id='word_1_7' title='bbox 309 592 539 677; x_wconf 82' lang='lat' dir='ltr'><em>Descripsinrus</em></span> <span class='ocrx_word' id='word_1_8' title='bbox 549 594 616 678; x_wconf 86' lang='lat' dir='ltr'><em>jam</em></span> <span class='ocrx_word' id='word_1_9' title='bbox 627 605 761 678; x_wconf 77' lang='lat' dir='ltr'><strong>systema</strong></span> <span class='ocrx_word' id='word_1_10' title='bbox 773 591 866 669; x_wconf 88' lang='lat' dir='ltr'><em>Solis,</em></span> <span class='ocrx_word' id='word_1_11' title='bbox 877 593 997 671; x_wconf 84' lang='lat' dir='ltr'><em>Terrae,</em></span> <span class='ocrx_word' id='word_1_12' title='bbox 1012 592 1125 670; x_wconf 84' lang='lat' dir='ltr'><em>Lunae,</em></span> <span class='ocrx_word' id='word_1_13' title='bbox 1137 604 1169 657; x_wconf 88' lang='lat' dir='ltr'><em>et</em></span> <span class='ocrx_word' id='word_1_14' title='bbox 1181 592 1394 677; x_wconf 86' lang='lat' dir='ltr'><em>planetarum:</em></span> <span class='ocrx_word' id='word_1_15' title='bbox 1409 604 1556 677; x_wconf 77' lang='lat' dir='ltr'>superest</span> 
     </span>
     <span class='ocr_line' id='line_1_3' title="bbox 267 698 874 784; baseline 0.005 -23"><span class='ocrx_word' id='word_1_16' title='bbox 267 712 302 763; x_wconf 91' lang='lat' dir='ltr'><em>ut</em></span> <span class='ocrx_word' id='word_1_17' title='bbox 316 698 355 763; x_wconf 90' lang='lat' dir='ltr'><em>de</em></span> <span class='ocrx_word' id='word_1_18' title='bbox 371 699 498 763; x_wconf 89' lang='lat' dir='ltr'><em>cometis</em></span> <span class='ocrx_word' id='word_1_19' title='bbox 512 698 663 763; x_wconf 87' lang='lat' dir='ltr'><em>nonnulla</em></span> <span class='ocrx_word' id='word_1_20' title='bbox 681 700 874 784; x_wconf 82' lang='lat' dir='ltr'><strong>adjiciantur.</strong></span> 
     </span>
    </p>
   </div>
   <div class='ocr_carea' id='block_1_3' title="bbox 781 935 1036 1001">
    <p class='ocr_par' dir='ltr' id='par_1_3' title="bbox 781 935 1036 1001">
     <span class='ocr_line' id='line_1_4' title="bbox 781 935 1036 1001; baseline -0.008 0"><span class='ocrx_word' id='word_1_21' title='bbox 781 935 956 1001; x_wconf 89' lang='lat' dir='ltr'><strong>LEMMA</strong></span> <span class='ocrx_word' id='word_1_22' title='bbox 978 936 1036 1000; x_wconf 88' lang='lat' dir='ltr'><em>IV.</em></span> 
     </span>
    </p>
   </div>
   <div class='ocr_carea' id='block_1_4' title="bbox 379 1103 1440 1188">
    <p class='ocr_par' dir='ltr' id='par_1_4' title="bbox 379 1103 1440 1188">
     <span class='ocr_line' id='line_1_5' title="bbox 379 1103 1440 1188; baseline -0.001 -21"><span class='ocrx_word' id='word_1_23' title='bbox 379 1104 514 1167; x_wconf 78' lang='lat' dir='ltr'><em>Cometes</em></span> <span class='ocrx_word' id='word_1_24' title='bbox 528 1124 587 1167; x_wconf 83' lang='lat' dir='ltr'><em>esre</em></span> <span class='ocrx_word' id='word_1_25' title='bbox 600 1103 693 1167; x_wconf 78' lang='lat' dir='ltr'><em>Lami</em></span> <span class='ocrx_word' id='word_1_26' title='bbox 709 1107 876 1187; x_wconf 75' lang='lat' dir='ltr'><em>superiores</em></span> <span class='ocrx_word' id='word_1_27' title='bbox 889 1117 919 1168; x_wconf 89' lang='lat' dir='ltr'><em>et</em></span> <span class='ocrx_word' id='word_1_28' title='bbox 933 1108 965 1167; x_wconf 87' lang='lat' dir='ltr'><em>in</em></span> <span class='ocrx_word' id='word_1_29' title='bbox 979 1106 1101 1188; x_wconf 83' lang='lat' dir='ltr'><em>regione</em></span> <span class='ocrx_word' id='word_1_30' title='bbox 1108 1106 1302 1187; x_wconf 76' lang='lat' dir='ltr'><em>planetarum</em></span> <span class='ocrx_word' id='word_1_31' title='bbox 1316 1104 1440 1168; x_wconf 79' lang='lat' dir='ltr'><em>versari.</em></span> 
     </span>
    </p>
   </div>
   <div class='ocr_carea' id='block_1_5' title="bbox 204 1266 1608 3578">
    <p class='ocr_par' dir='ltr' id='par_1_5' title="bbox 204 1266 1608 3324">
     <span class='ocr_line' id='line_1_6' title="bbox 310 1266 1551 1358; baseline 0.001 -25"><span class='ocrx_word' id='word_1_32' title='bbox 310 1269 349 1351; x_wconf 64' lang='lat' dir='ltr'><em>(q)</em></span> <span class='ocrx_word' id='word_1_33' title='bbox 368 1267 415 1333; x_wconf 92' lang='lat' dir='ltr'><em>Ut</em></span> <span class='ocrx_word' id='word_1_34' title='bbox 429 1266 566 1331; x_wconf 85' lang='lat' dir='ltr'><em>defectus</em></span> <span class='ocrx_word' id='word_1_35' title='bbox 587 1268 781 1352; x_wconf 84' lang='lat' dir='ltr'><em>parallaxeos</em></span> <span class='ocrx_word' id='word_1_36' title='bbox 800 1270 922 1333; x_wconf 86' lang='lat' dir='ltr'><em>diumae</em></span> <span class='ocrx_word' id='word_1_37' title='bbox 936 1270 1047 1334; x_wconf 84' lang='lat' dir='ltr'><em>extulit</em></span> <span class='ocrx_word' id='word_1_38' title='bbox 1061 1283 1196 1335; x_wconf 87' lang='lat' dir='ltr'><em>cometas</em></span> <span class='ocrx_word' id='word_1_39' title='bbox 1210 1293 1305 1355; x_wconf 89' lang='lat' dir='ltr'><em>supra</em></span> <span class='ocrx_word' id='word_1_40' title='bbox 1319 1272 1461 1358; x_wconf 84' lang='lat' dir='ltr'><em>regiones</em></span> <span class='ocrx_word' id='word_1_41' title='bbox 1476 1269 1551 1334; x_wconf 92' lang='lat' dir='ltr'><em>sub-</em></span> 
     </span>
     <span class='ocr_line' id='line_1_7' title="bbox 265 1371 1550 1467; baseline 0.002 -28"><span class='ocrx_word' id='word_1_42' title='bbox 265 1376 399 1453; x_wconf 84' lang='lat' dir='ltr'><em>lunares,</em></span> <span class='ocrx_word' id='word_1_43' title='bbox 416 1378 452 1463; x_wconf 61' lang='lat' dir='ltr'><em>(f)</em></span> <span class='ocrx_word' id='word_1_44' title='bbox 465 1378 509 1442; x_wconf 92' lang='lat' dir='ltr'><em>sic</em></span> <span class='ocrx_word' id='word_1_45' title='bbox 524 1400 564 1442; x_wconf 88' lang='lat' dir='ltr'><em>ex</em></span> <span class='ocrx_word' id='word_1_46' title='bbox 578 1378 729 1461; x_wconf 84' lang='lat' dir='ltr'><em>parallaxi</em></span> <span class='ocrx_word' id='word_1_47' title='bbox 744 1380 845 1443; x_wconf 75' lang='lat' dir='ltr'><em>annui</em></span> <span class='ocrx_word' id='word_1_48' title='bbox 861 1371 1054 1444; x_wconf 87' lang='lat' dir='ltr'><em>convincitur</em></span> <span class='ocrx_word' id='word_1_49' title='bbox 1064 1400 1172 1443; x_wconf 89' lang='lat' dir='ltr'><em>eorum</em></span> <span class='ocrx_word' id='word_1_50' title='bbox 1183 1380 1349 1444; x_wconf 91' lang='lat' dir='ltr'><em>descensus</em></span> <span class='ocrx_word' id='word_1_51' title='bbox 1363 1381 1396 1442; x_wconf 93' lang='lat' dir='ltr'><em>in</em></span> <span class='ocrx_word' id='word_1_52' title='bbox 1408 1380 1550 1467; x_wconf 84' lang='lat' dir='ltr'><em>regiones</em></span> 
     </span>
     <span class='ocr_line' id='line_1_8' title="bbox 265 1483 1553 1573; baseline 0.003 -28"><span class='ocrx_word' id='word_1_53' title='bbox 265 1484 470 1567; x_wconf 87' lang='lat' dir='ltr'><em>planetarum.</em></span> <span class='ocrx_word' id='word_1_54' title='bbox 517 1483 601 1547; x_wconf 89' lang='lat' dir='ltr'><em>Nam</em></span> <span class='ocrx_word' id='word_1_55' title='bbox 614 1498 753 1563; x_wconf 61' lang='lat' dir='ltr'><em>comem,</em></span> <span class='ocrx_word' id='word_1_56' title='bbox 775 1486 828 1571; x_wconf 91' lang='lat' dir='ltr'><em>qui</em></span> <span class='ocrx_word' id='word_1_57' title='bbox 846 1486 1090 1573; x_wconf 85' lang='lat' dir='ltr'><em>progrediuntur</em></span> <span class='ocrx_word' id='word_1_58' title='bbox 1103 1486 1275 1549; x_wconf 87' lang='lat' dir='ltr'><em>secundum</em></span> <span class='ocrx_word' id='word_1_59' title='bbox 1289 1487 1431 1549; x_wconf 88' lang='lat' dir='ltr'><em>ordinem</em></span> <span class='ocrx_word' id='word_1_60' title='bbox 1446 1488 1553 1573; x_wconf 88' lang='lat' dir='ltr'><em>signo-</em></span> 
     </span>
     <span class='ocr_line' id='line_1_9' title="bbox 266 1570 1551 1683; baseline 0.007 -31"><span class='ocrx_word' id='word_1_61' title='bbox 266 1570 347 1667; x_wconf 68' lang='lat' dir='ltr'><em>rum,</em></span> <span class='ocrx_word' id='word_1_62' title='bbox 364 1604 436 1655; x_wconf 91' lang='lat' dir='ltr'><em>sunt</em></span> <span class='ocrx_word' id='word_1_63' title='bbox 450 1614 558 1655; x_wconf 84' lang='lat' dir='ltr'><em>omnes</em></span> <span class='ocrx_word' id='word_1_64' title='bbox 574 1592 632 1657; x_wconf 86' lang='lat' dir='ltr'><em>sub</em></span> <span class='ocrx_word' id='word_1_65' title='bbox 646 1595 732 1658; x_wconf 84' lang='lat' dir='ltr'><em>exitu</em></span> <span class='ocrx_word' id='word_1_66' title='bbox 747 1596 949 1678; x_wconf 77' lang='lat' dir='ltr'><em>apparitionis</em></span> <span class='ocrx_word' id='word_1_67' title='bbox 962 1608 1017 1659; x_wconf 88' lang='lat' dir='ltr'><em>aut</em></span> <span class='ocrx_word' id='word_1_68' title='bbox 1031 1595 1122 1659; x_wconf 89' lang='lat' dir='ltr'><em>solito</em></span> <span class='ocrx_word' id='word_1_69' title='bbox 1133 1596 1284 1659; x_wconf 82' lang='lat' dir='ltr'><em>tardiores</em></span> <span class='ocrx_word' id='word_1_70' title='bbox 1298 1610 1353 1661; x_wconf 89' lang='lat' dir='ltr'><em>aut</em></span> <span class='ocrx_word' id='word_1_71' title='bbox 1366 1597 1551 1683; x_wconf 87' lang='lat' dir='ltr'><em>retrogradi,</em></span> 
     </span>
     <span class='ocr_line' id='line_1_10' title="bbox 266 1700 1554 1794; baseline 0.005 -31"><span class='ocrx_word' id='word_1_72' title='bbox 266 1700 292 1763; x_wconf 93' lang='lat' dir='ltr'><em>si</em></span> <span class='ocrx_word' id='word_1_73' title='bbox 316 1700 417 1765; x_wconf 87' lang='lat' dir='ltr'><em>Terra</em></span> <span class='ocrx_word' id='word_1_74' title='bbox 438 1714 485 1765; x_wconf 88' lang='lat' dir='ltr'><em>est</em></span> <span class='ocrx_word' id='word_1_75' title='bbox 505 1702 586 1765; x_wconf 88' lang='lat' dir='ltr'><em>inter</em></span> <span class='ocrx_word' id='word_1_76' title='bbox 607 1704 691 1787; x_wconf 93' lang='lat' dir='ltr'><em>ipsos</em></span> <span class='ocrx_word' id='word_1_77' title='bbox 713 1718 744 1769; x_wconf 87' lang='lat' dir='ltr'><em>et</em></span> <span class='ocrx_word' id='word_1_78' title='bbox 768 1706 892 1781; x_wconf 80' lang='lat' dir='ltr'><em>Solem;</em></span> <span class='ocrx_word' id='word_1_79' title='bbox 914 1718 947 1769; x_wconf 89' lang='lat' dir='ltr'><em>at</em></span> <span class='ocrx_word' id='word_1_80' title='bbox 963 1706 1049 1791; x_wconf 90' lang='lat' dir='ltr'><em>justo</em></span> <span class='ocrx_word' id='word_1_81' title='bbox 1062 1704 1225 1770; x_wconf 90' lang='lat' dir='ltr'><em>celeriores</em></span> <span class='ocrx_word' id='word_1_82' title='bbox 1240 1706 1264 1769; x_wconf 91' lang='lat' dir='ltr'><em>si</em></span> <span class='ocrx_word' id='word_1_83' title='bbox 1282 1706 1383 1769; x_wconf 87' lang='lat' dir='ltr'><em>Terra</em></span> <span class='ocrx_word' id='word_1_84' title='bbox 1397 1708 1499 1794; x_wconf 91' lang='lat' dir='ltr'><em>vergit</em></span> <span class='ocrx_word' id='word_1_85' title='bbox 1512 1708 1554 1771; x_wconf 88' lang='lat' dir='ltr'><em>ad</em></span> 
     </span>
     <span class='ocr_line' id='line_1_11' title="bbox 266 1813 1554 1904; baseline 0.005 -29"><span class='ocrx_word' id='word_1_86' title='bbox 266 1813 503 1897; x_wconf 89' lang='lat' dir='ltr'><em>oppositionem.</em></span> <span class='ocrx_word' id='word_1_87' title='bbox 549 1814 592 1878; x_wconf 90' lang='lat' dir='ltr'><em>Et</em></span> <span class='ocrx_word' id='word_1_88' title='bbox 616 1828 734 1893; x_wconf 88' lang='lat' dir='ltr'><em>contra,</em></span> <span class='ocrx_word' id='word_1_89' title='bbox 759 1818 813 1901; x_wconf 93' lang='lat' dir='ltr'><em>qui</em></span> <span class='ocrx_word' id='word_1_90' title='bbox 838 1828 975 1904; x_wconf 88' lang='lat' dir='ltr'><em>pergunt</em></span> <span class='ocrx_word' id='word_1_91' title='bbox 997 1829 1106 1880; x_wconf 90' lang='lat' dir='ltr'><em>contra</em></span> <span class='ocrx_word' id='word_1_92' title='bbox 1128 1816 1272 1879; x_wconf 88' lang='lat' dir='ltr'><em>ordinem</em></span> <span class='ocrx_word' id='word_1_93' title='bbox 1293 1816 1455 1903; x_wconf 87' lang='lat' dir='ltr'><em>signorum</em></span> <span class='ocrx_word' id='word_1_94' title='bbox 1481 1830 1554 1881; x_wconf 89' lang='lat' dir='ltr'><em>sunt</em></span> 
     </span>
     <span class='ocr_line' id='line_1_12' title="bbox 261 1923 1553 2009; baseline 0 -24"><span class='ocrx_word' id='word_1_95' title='bbox 261 1924 349 2006; x_wconf 91' lang='lat' dir='ltr'><em>justo</em></span> <span class='ocrx_word' id='word_1_96' title='bbox 364 1923 525 1987; x_wconf 90' lang='lat' dir='ltr'><em>celeriores</em></span> <span class='ocrx_word' id='word_1_97' title='bbox 540 1924 574 1985; x_wconf 93' lang='lat' dir='ltr'><em>in</em></span> <span class='ocrx_word' id='word_1_98' title='bbox 588 1923 651 1988; x_wconf 90' lang='lat' dir='ltr'><em>fine</em></span> <span class='ocrx_word' id='word_1_99' title='bbox 666 1925 877 2009; x_wconf 76' lang='lat' dir='ltr'><em>apparitionis,</em></span> <span class='ocrx_word' id='word_1_100' title='bbox 894 1926 921 1988; x_wconf 92' lang='lat' dir='ltr'><em>si</em></span> <span class='ocrx_word' id='word_1_101' title='bbox 935 1925 1037 1988; x_wconf 87' lang='lat' dir='ltr'><em>Terra</em></span> <span class='ocrx_word' id='word_1_102' title='bbox 1047 1937 1186 1988; x_wconf 90' lang='lat' dir='ltr'><em>versatur</em></span> <span class='ocrx_word' id='word_1_103' title='bbox 1199 1924 1281 1987; x_wconf 90' lang='lat' dir='ltr'><em>inter</em></span> <span class='ocrx_word' id='word_1_104' title='bbox 1294 1925 1379 2007; x_wconf 93' lang='lat' dir='ltr'><em>ipsos</em></span> <span class='ocrx_word' id='word_1_105' title='bbox 1390 1936 1422 1987; x_wconf 91' lang='lat' dir='ltr'><em>et</em></span> <span class='ocrx_word' id='word_1_106' title='bbox 1435 1924 1553 1999; x_wconf 89' lang='lat' dir='ltr'><em>Solem;</em></span> 
     </span>
     <span class='ocr_line' id='line_1_13' title="bbox 265 2028 1552 2127; baseline 0.003 -36"><span class='ocrx_word' id='word_1_107' title='bbox 265 2040 297 2091; x_wconf 92' lang='lat' dir='ltr'><em>et</em></span> <span class='ocrx_word' id='word_1_108' title='bbox 313 2028 401 2113; x_wconf 88' lang='lat' dir='ltr'><em>justo</em></span> <span class='ocrx_word' id='word_1_109' title='bbox 421 2029 573 2093; x_wconf 86' lang='lat' dir='ltr'><em>tardiores</em></span> <span class='ocrx_word' id='word_1_110' title='bbox 587 2030 637 2094; x_wconf 90' lang='lat' dir='ltr'><em>vel</em></span> <span class='ocrx_word' id='word_1_111' title='bbox 658 2032 848 2127; x_wconf 81' lang='lat' dir='ltr'><em>retrogradi,</em></span> <span class='ocrx_word' id='word_1_112' title='bbox 865 2032 892 2095; x_wconf 87' lang='lat' dir='ltr'><em>si</em></span> <span class='ocrx_word' id='word_1_113' title='bbox 914 2032 1016 2095; x_wconf 90' lang='lat' dir='ltr'><em>Terra</em></span> <span class='ocrx_word' id='word_1_114' title='bbox 1036 2032 1095 2095; x_wconf 86' lang='lat' dir='ltr'><em>sita</em></span> <span class='ocrx_word' id='word_1_115' title='bbox 1116 2044 1163 2096; x_wconf 91' lang='lat' dir='ltr'><em>est</em></span> <span class='ocrx_word' id='word_1_116' title='bbox 1184 2032 1226 2095; x_wconf 90' lang='lat' dir='ltr'><em>ad</em></span> <span class='ocrx_word' id='word_1_117' title='bbox 1247 2032 1416 2095; x_wconf 86' lang='lat' dir='ltr'><em>contrarias</em></span> <span class='ocrx_word' id='word_1_118' title='bbox 1438 2044 1552 2115; x_wconf 86' lang='lat' dir='ltr'><em>partes.</em></span> 
     </span>
     <span class='ocr_line' id='line_1_14' title="bbox 266 2141 1555 2229; baseline -0.001 -24"><span class='ocrx_word' id='word_1_119' title='bbox 266 2143 301 2227; x_wconf 84' lang='lat'><em>(¹)</em></span> <span class='ocrx_word' id='word_1_120' title='bbox 319 2142 481 2229; x_wconf 87' lang='lat' dir='ltr'><em>Contingit</em></span> <span class='ocrx_word' id='word_1_121' title='bbox 501 2142 563 2206; x_wconf 93' lang='lat' dir='ltr'><em>hoc</em></span> <span class='ocrx_word' id='word_1_122' title='bbox 584 2142 719 2207; x_wconf 73' lang='lat' dir='ltr'><em>maxime</em></span> <span class='ocrx_word' id='word_1_123' title='bbox 735 2167 775 2207; x_wconf 90' lang='lat' dir='ltr'><em>ex</em></span> <span class='ocrx_word' id='word_1_124' title='bbox 789 2157 878 2208; x_wconf 91' lang='lat' dir='ltr'><em>motu</em></span> <span class='ocrx_word' id='word_1_125' title='bbox 892 2144 1003 2208; x_wconf 87' lang='lat' dir='ltr'><em>Terrae</em></span> <span class='ocrx_word' id='word_1_126' title='bbox 1017 2143 1050 2205; x_wconf 90' lang='lat' dir='ltr'><em>in</em></span> <span class='ocrx_word' id='word_1_127' title='bbox 1064 2143 1151 2205; x_wconf 88' lang='lat' dir='ltr'><em>vario</em></span> <span class='ocrx_word' id='word_1_128' title='bbox 1167 2143 1264 2227; x_wconf 92' lang='lat' dir='ltr'><em>ipsius</em></span> <span class='ocrx_word' id='word_1_129' title='bbox 1279 2142 1350 2219; x_wconf 86' lang='lat' dir='ltr'><em>situ,</em></span> <span class='ocrx_word' id='word_1_130' title='bbox 1373 2141 1506 2227; x_wconf 87' lang='lat' dir='ltr'><em>perinde</em></span> <span class='ocrx_word' id='word_1_131' title='bbox 1519 2153 1555 2204; x_wconf 90' lang='lat' dir='ltr'><em>ut</em></span> 
     </span>
     <span class='ocr_line' id='line_1_15' title="bbox 265 2250 1554 2337; baseline 0 -24"><span class='ocrx_word' id='word_1_132' title='bbox 265 2250 302 2313; x_wconf 89' lang='lat' dir='ltr'><em>fit</em></span> <span class='ocrx_word' id='word_1_133' title='bbox 316 2252 348 2313; x_wconf 92' lang='lat' dir='ltr'><em>in</em></span> <span class='ocrx_word' id='word_1_134' title='bbox 363 2252 505 2335; x_wconf 74' lang='lat' dir='ltr'><em>planaria,</em></span> <span class='ocrx_word' id='word_1_135' title='bbox 523 2252 577 2337; x_wconf 90' lang='lat' dir='ltr'><em>qui</em></span> <span class='ocrx_word' id='word_1_136' title='bbox 589 2274 649 2337; x_wconf 89' lang='lat' dir='ltr'><em>pro</em></span> <span class='ocrx_word' id='word_1_137' title='bbox 662 2264 749 2315; x_wconf 90' lang='lat' dir='ltr'><em>motu</em></span> <span class='ocrx_word' id='word_1_138' title='bbox 765 2253 877 2316; x_wconf 86' lang='lat' dir='ltr'><em>Terrae</em></span> <span class='ocrx_word' id='word_1_139' title='bbox 891 2252 942 2316; x_wconf 88' lang='lat' dir='ltr'><em>vel</em></span> <span class='ocrx_word' id='word_1_140' title='bbox 955 2252 1152 2334; x_wconf 87' lang='lat' dir='ltr'><em>conspirante</em></span> <span class='ocrx_word' id='word_1_141' title='bbox 1167 2250 1216 2313; x_wconf 89' lang='lat' dir='ltr'><em>vel</em></span> <span class='ocrx_word' id='word_1_142' title='bbox 1231 2250 1389 2313; x_wconf 88' lang='lat' dir='ltr'><em>contrario</em></span> <span class='ocrx_word' id='word_1_143' title='bbox 1403 2272 1490 2313; x_wconf 93' lang='lat' dir='ltr'><em>nunc</em></span> <span class='ocrx_word' id='word_1_144' title='bbox 1504 2271 1554 2313; x_wconf 85' lang='lat' dir='ltr'><em>re-</em></span> 
     </span>
     <span class='ocr_line' id='line_1_16' title="bbox 264 2355 1555 2445; baseline 0.002 -28"><span class='ocrx_word' id='word_1_145' title='bbox 264 2355 405 2441; x_wconf 87' lang='lat' dir='ltr'><em>trogradi</em></span> <span class='ocrx_word' id='word_1_146' title='bbox 427 2369 508 2433; x_wconf 83' lang='lat' dir='ltr'><em>sunt,</em></span> <span class='ocrx_word' id='word_1_147' title='bbox 531 2379 617 2419; x_wconf 90' lang='lat' dir='ltr'><em>nunc</em></span> <span class='ocrx_word' id='word_1_148' title='bbox 638 2356 755 2421; x_wconf 79' lang='lat' dir='ltr'><em>tardiris</em></span> <span class='ocrx_word' id='word_1_149' title='bbox 776 2358 926 2445; x_wconf 86' lang='lat' dir='ltr'><em>progredi</em></span> <span class='ocrx_word' id='word_1_150' title='bbox 949 2358 1104 2434; x_wconf 90' lang='lat' dir='ltr'><em>videntur,</em></span> <span class='ocrx_word' id='word_1_151' title='bbox 1130 2378 1214 2420; x_wconf 92' lang='lat' dir='ltr'><em>nunc</em></span> <span class='ocrx_word' id='word_1_152' title='bbox 1236 2356 1311 2420; x_wconf 80' lang='lat' dir='ltr'><em>verd</em></span> <span class='ocrx_word' id='word_1_153' title='bbox 1333 2355 1474 2422; x_wconf 81' lang='lat' dir='ltr'><em>celeriirs.</em></span> <span class='ocrx_word' id='word_1_154' title='bbox 1521 2358 1555 2422; x_wconf 91' lang='lat' dir='ltr'><em>Si</em></span> 
     </span>
     <span class='ocr_line' id='line_1_17' title="bbox 266 2463 1555 2553; baseline 0.002 -27"><span class='ocrx_word' id='word_1_155' title='bbox 266 2463 369 2526; x_wconf 89' lang='lat' dir='ltr'><em>Terra</em></span> <span class='ocrx_word' id='word_1_156' title='bbox 382 2464 486 2550; x_wconf 86' lang='lat' dir='ltr'><em>pergit</em></span> <span class='ocrx_word' id='word_1_157' title='bbox 499 2465 541 2527; x_wconf 88' lang='lat' dir='ltr'><em>ad</em></span> <span class='ocrx_word' id='word_1_158' title='bbox 555 2464 684 2529; x_wconf 89' lang='lat' dir='ltr'><em>eandem</em></span> <span class='ocrx_word' id='word_1_159' title='bbox 699 2482 820 2550; x_wconf 87' lang='lat' dir='ltr'><em>partem</em></span> <span class='ocrx_word' id='word_1_160' title='bbox 835 2490 908 2531; x_wconf 92' lang='lat' dir='ltr'><em>cum</em></span> <span class='ocrx_word' id='word_1_161' title='bbox 919 2479 1048 2544; x_wconf 88' lang='lat' dir='ltr'><em>cometa,</em></span> <span class='ocrx_word' id='word_1_162' title='bbox 1061 2478 1093 2529; x_wconf 93' lang='lat' dir='ltr'><em>et</em></span> <span class='ocrx_word' id='word_1_163' title='bbox 1100 2478 1189 2530; x_wconf 91' lang='lat' dir='ltr'><em>motu</em></span> <span class='ocrx_word' id='word_1_164' title='bbox 1199 2466 1340 2553; x_wconf 87' lang='lat' dir='ltr'><em>angulari</em></span> <span class='ocrx_word' id='word_1_165' title='bbox 1355 2467 1438 2530; x_wconf 90' lang='lat' dir='ltr'><em>circa</em></span> <span class='ocrx_word' id='word_1_166' title='bbox 1448 2466 1555 2530; x_wconf 89' lang='lat' dir='ltr'><em>Solem</em></span> 
     </span>
     <span class='ocr_line' id='line_1_18' title="bbox 265 2568 1554 2657; baseline 0.002 -24"><span class='ocrx_word' id='word_1_167' title='bbox 265 2568 352 2633; x_wconf 75' lang='lat' dir='ltr'><em>tanti&gt;</em></span> <span class='ocrx_word' id='word_1_168' title='bbox 374 2568 503 2635; x_wconf 80' lang='lat' dir='ltr'><em>celeritis</em></span> <span class='ocrx_word' id='word_1_169' title='bbox 524 2570 631 2651; x_wconf 85' lang='lat' dir='ltr'><em>fertur,</em></span> <span class='ocrx_word' id='word_1_170' title='bbox 658 2584 694 2636; x_wconf 90' lang='lat' dir='ltr'><em>ut</em></span> <span class='ocrx_word' id='word_1_171' title='bbox 715 2586 802 2638; x_wconf 83' lang='lat' dir='ltr'><em>recta</em></span> <span class='ocrx_word' id='word_1_172' title='bbox 821 2595 880 2657; x_wconf 92' lang='lat' dir='ltr'><em>per</em></span> <span class='ocrx_word' id='word_1_173' title='bbox 902 2573 1036 2637; x_wconf 88' lang='lat' dir='ltr'><em>Terram</em></span> <span class='ocrx_word' id='word_1_174' title='bbox 1057 2583 1089 2636; x_wconf 91' lang='lat' dir='ltr'><em>et</em></span> <span class='ocrx_word' id='word_1_175' title='bbox 1110 2584 1263 2635; x_wconf 88' lang='lat' dir='ltr'><em>cometam</em></span> <span class='ocrx_word' id='word_1_176' title='bbox 1281 2586 1435 2656; x_wconf 89' lang='lat' dir='ltr'><em>perpetuo</em></span> <span class='ocrx_word' id='word_1_177' title='bbox 1457 2572 1554 2635; x_wconf 86' lang='lat' dir='ltr'><em>ducta</em></span> 
     </span>
     <span class='ocr_line' id='line_1_19' title="bbox 265 2678 1556 2765; baseline -0.004 -20"><span class='ocrx_word' id='word_1_178' title='bbox 265 2692 433 2765; x_wconf 86' lang='lat' dir='ltr'><em>convergat</em></span> <span class='ocrx_word' id='word_1_179' title='bbox 453 2680 493 2743; x_wconf 91' lang='lat' dir='ltr'><em>ad</em></span> <span class='ocrx_word' id='word_1_180' title='bbox 514 2692 618 2765; x_wconf 87' lang='lat' dir='ltr'><em>partes</em></span> <span class='ocrx_word' id='word_1_181' title='bbox 639 2682 721 2745; x_wconf 90' lang='lat' dir='ltr'><em>ultra</em></span> <span class='ocrx_word' id='word_1_182' title='bbox 735 2696 898 2761; x_wconf 88' lang='lat' dir='ltr'><em>cometam,</em></span> <span class='ocrx_word' id='word_1_183' title='bbox 921 2694 1042 2746; x_wconf 86' lang='lat' dir='ltr'><em>cometa</em></span> <span class='ocrx_word' id='word_1_184' title='bbox 1057 2704 1074 2745; x_wconf 89' lang='lat' dir='ltr'><em>e</em></span> <span class='ocrx_word' id='word_1_185' title='bbox 1089 2678 1190 2744; x_wconf 76' lang='lat' dir='ltr'><em>Terrri</em></span> <span class='ocrx_word' id='word_1_186' title='bbox 1207 2691 1361 2763; x_wconf 84' lang='lat' dir='ltr'><em>spectatus</em></span> <span class='ocrx_word' id='word_1_187' title='bbox 1376 2678 1418 2741; x_wconf 94' lang='lat' dir='ltr'><em>ob</em></span> <span class='ocrx_word' id='word_1_188' title='bbox 1432 2690 1556 2741; x_wconf 89' lang='lat' dir='ltr'><em>motum</em></span> 
     </span>
     <span class='ocr_line' id='line_1_20' title="bbox 266 2786 1554 2880; baseline -0.003 -26"><span class='ocrx_word' id='word_1_189' title='bbox 266 2812 356 2854; x_wconf 92' lang='lat' dir='ltr'><em>suum</em></span> <span class='ocrx_word' id='word_1_190' title='bbox 371 2790 539 2856; x_wconf 84' lang='lat' dir='ltr'><em>tardiorem</em></span> <span class='ocrx_word' id='word_1_191' title='bbox 553 2805 683 2877; x_wconf 87' lang='lat' dir='ltr'><em>apparet</em></span> <span class='ocrx_word' id='word_1_192' title='bbox 697 2815 764 2858; x_wconf 88' lang='lat' dir='ltr'><em>esse</em></span> <span class='ocrx_word' id='word_1_193' title='bbox 778 2792 978 2880; x_wconf 84' lang='lat' dir='ltr'><em>retrogradus</em></span> <span class='ocrx_word' id='word_1_194' title='bbox 986 2815 995 2868; x_wconf 91' lang='lat'>;</span> <span class='ocrx_word' id='word_1_195' title='bbox 1016 2791 1062 2854; x_wconf 92' lang='lat' dir='ltr'><em>sin</em></span> <span class='ocrx_word' id='word_1_196' title='bbox 1078 2788 1111 2853; x_wconf 87' lang='lat' dir='ltr'><em>T</em></span> <span class='ocrx_word' id='word_1_197' title='bbox 1111 2810 1180 2853; x_wconf 89' lang='lat' dir='ltr'><em>erra</em></span> <span class='ocrx_word' id='word_1_198' title='bbox 1194 2786 1312 2851; x_wconf 88' lang='lat' dir='ltr'><em>tardius</em></span> <span class='ocrx_word' id='word_1_199' title='bbox 1327 2786 1434 2863; x_wconf 85' lang='lat' dir='ltr'><em>fertur,</em></span> <span class='ocrx_word' id='word_1_200' title='bbox 1450 2798 1554 2850; x_wconf 84' lang='lat' dir='ltr'><em>motus</em></span> 
     </span>
     <span class='ocr_line' id='line_1_21' title="bbox 204 2891 1608 2994; baseline -0.001 -32"><span class='ocrx_word' id='word_1_201' title='bbox 204 2897 208 2906; x_wconf 84' lang='lat'>&#39;</span> <span class='ocrx_word' id='word_1_202' title='bbox 267 2909 395 2962; x_wconf 88' lang='lat' dir='ltr'><em>cometae</em></span> <span class='ocrx_word' id='word_1_203' title='bbox 411 2891 563 2984; x_wconf 81' lang='lat' dir='ltr'><em>(detracto</em></span> <span class='ocrx_word' id='word_1_204' title='bbox 584 2895 673 2966; x_wconf 77' lang='lat' dir='ltr'><em>moin</em></span> <span class='ocrx_word' id='word_1_205' title='bbox 687 2902 719 2966; x_wconf 91' lang='lat' dir='ltr'><em>T</em></span> <span class='ocrx_word' id='word_1_206' title='bbox 719 2902 810 2981; x_wconf 79' lang='lat' dir='ltr'><em>errae)</em></span> <span class='ocrx_word' id='word_1_207' title='bbox 833 2902 871 2965; x_wconf 88' lang='lat' dir='ltr'><em>fit</em></span> <span class='ocrx_word' id='word_1_208' title='bbox 885 2901 994 2965; x_wconf 89' lang='lat' dir='ltr'><em>saltem</em></span> <span class='ocrx_word' id='word_1_209' title='bbox 1008 2899 1137 2964; x_wconf 90' lang='lat' dir='ltr'><em>tardior.</em></span> <span class='ocrx_word' id='word_1_210' title='bbox 1177 2899 1226 2994; x_wconf 64' lang='lat' dir='ltr'><em>At</em></span> <span class='ocrx_word' id='word_1_211' title='bbox 1240 2897 1266 2959; x_wconf 91' lang='lat' dir='ltr'><em>si</em></span> <span class='ocrx_word' id='word_1_212' title='bbox 1280 2897 1382 2961; x_wconf 86' lang='lat' dir='ltr'><em>Terra</em></span> <span class='ocrx_word' id='word_1_213' title='bbox 1394 2897 1499 2983; x_wconf 89' lang='lat' dir='ltr'><em>pergit</em></span> <span class='ocrx_word' id='word_1_214' title='bbox 1520 2899 1553 2960; x_wconf 89' lang='lat' dir='ltr'><em>in</em></span> <span class='ocrx_word' id='word_1_215' title='bbox 1604 2937 1608 2941; x_wconf 90' lang='lat'><em>-</em></span> 
     </span>
     <span class='ocr_line' id='line_1_22' title="bbox 266 3068 1552 3184; baseline 0.001 -69"><span class='ocrx_word' id='word_1_216' title='bbox 266 3079 463 3180; x_wconf 29' lang='lat' dir='ltr'><em>poranoccurrunt·</em></span> <span class='ocrx_word' id='word_1_217' title='bbox 471 3072 642 3135; x_wconf 85' lang='lat' dir='ltr'><em>quamplurima</em></span> <span class='ocrx_word' id='word_1_218' title='bbox 652 3073 681 3122; x_wconf 88' lang='lat' dir='ltr'><em>de</em></span> <span class='ocrx_word' id='word_1_219' title='bbox 689 3073 766 3149; x_wconf 72' lang='lat' dir='ltr'><em>figprd</em></span> <span class='ocrx_word' id='word_1_220' title='bbox 779 3073 887 3150; x_wconf 72' lang='lat' dir='ltr'><em>Telluria,</em></span> <span class='ocrx_word' id='word_1_221' title='bbox 920 3089 949 3120; x_wconf 82' lang='lat' dir='ltr'><em>ex</em></span> <span class='ocrx_word' id='word_1_222' title='bbox 968 3078 1047 3184; x_wconf 70' lang='lat' dir='ltr'><em>l,dpar</em></span> <span class='ocrx_word' id='word_1_223' title='bbox 1062 3073 1128 3182; x_wconf 46' lang='lat' dir='ltr'><em>adin</em></span> <span class='ocrx_word' id='word_1_224' title='bbox 1145 3077 1168 3130; x_wconf 79' lang='lat'><em>8,</em></span> <span class='ocrx_word' id='word_1_225' title='bbox 1179 3070 1218 3146; x_wconf 76' lang='lat' dir='ltr'><em>bic</em></span> <span class='ocrx_word' id='word_1_226' title='bbox 1228 3071 1322 3132; x_wconf 83' lang='lat' dir='ltr'><em>planeta</em></span> <span class='ocrx_word' id='word_1_227' title='bbox 1331 3085 1361 3116; x_wconf 82' lang='lat' dir='ltr'><em>ex</em></span> <span class='ocrx_word' id='word_1_228' title='bbox 1372 3085 1393 3125; x_wconf 83' lang='lat' dir='ltr'><em>a,</em></span> <span class='ocrx_word' id='word_1_229' title='bbox 1404 3068 1552 3178; x_wconf 43' lang='lat' dir='ltr'><em>pevrfflbgkiinmp,</em></span> 
     </span>
     <span class='ocr_line' id='line_1_23' title="bbox 266 3131 1554 3262; baseline -0.002 -20"><span class='ocrx_word' id='word_1_230' title='bbox 266 3135 513 3257; x_wconf 54' lang='lat' dir='ltr'><em>„dimitti</em></span> <span class='ocrx_word' id='word_1_231' title='bbox 530 3137 888 3262; x_wconf 52' lang='lat' dir='ltr'><em>liiaetdiiffiliidqii,</em></span> <span class='ocrx_word' id='word_1_232' title='bbox 920 3131 1554 3257; x_wconf 49' lang='lat' dir='ltr'><em>nuttfflmztttsszz‘tsstfflm</em></span> 
     </span>
     <span class='ocr_line' id='line_1_24' title="bbox 267 3260 1295 3324; baseline 0.012 -18"><span class='ocrx_word' id='word_1_233' title='bbox 267 3260 384 3316; x_wconf 84' lang='lat' dir='ltr'><em>methodo,</em></span> <span class='ocrx_word' id='word_1_234' title='bbox 396 3263 526 3311; x_wconf 75' lang='lat' dir='ltr'><em>accuratius</em></span> <span class='ocrx_word' id='word_1_235' title='bbox 537 3264 614 3312; x_wconf 81' lang='lat' dir='ltr'><em>licebit</em></span> <span class='ocrx_word' id='word_1_236' title='bbox 624 3274 764 3324; x_wconf 86' lang='lat' dir='ltr'><em>computare.</em></span> <span class='ocrx_word' id='word_1_237' title='bbox 1166 3292 1168 3299; x_wconf 94' lang='lat'>·</span> <span class='ocrx_word' id='word_1_238' title='bbox 1292 3304 1295 3308; x_wconf 89' lang='lat'>-</span> 
     </span>
    </p>

    <p class='ocr_par' dir='ltr' id='par_1_6' title="bbox 267 3323 890 3578">
     <span class='ocr_line' id='line_1_25' title="bbox 292 3323 888 3390; baseline 0.007 -18"><span class='ocrx_word' id='word_1_239' title='bbox 292 3323 333 3386; x_wconf 65' lang='lat'><em>(⁹)</em></span> <span class='ocrx_word' id='word_1_240' title='bbox 345 3328 357 3354; x_wconf 73' lang='lat'><em>⁶</em></span> <span class='ocrx_word' id='word_1_241' title='bbox 376 3326 406 3373; x_wconf 88' lang='lat' dir='ltr'><em>Ut</em></span> <span class='ocrx_word' id='word_1_242' title='bbox 417 3327 517 3390; x_wconf 60' lang='lat' dir='ltr'><em>offeretur</em></span> <span class='ocrx_word' id='word_1_243' title='bbox 525 3325 663 3390; x_wconf 68' lang='lat' dir='ltr'><em>purulioaeos</em></span> <span class='ocrx_word' id='word_1_244' title='bbox 674 3331 773 3376; x_wconf 69' lang='lat' dir='ltr'><em>diurnar-</em></span> <span class='ocrx_word' id='word_1_245' title='bbox 809 3328 888 3376; x_wconf 83' lang='lat' dir='ltr'><em>Paral-</em></span> 
     </span>
     <span class='ocr_line' id='line_1_26' title="bbox 267 3385 890 3442; baseline 0.01 -10"><span class='ocrx_word' id='word_1_246' title='bbox 267 3385 326 3433; x_wconf 84' lang='lat' dir='ltr'><em>laxis</em></span> <span class='ocrx_word' id='word_1_247' title='bbox 342 3387 426 3436; x_wconf 87' lang='lat' dir='ltr'><em>diurna</em></span> <span class='ocrx_word' id='word_1_248' title='bbox 441 3401 536 3441; x_wconf 73' lang='lat' dir='ltr'><em>cometa</em></span> <span class='ocrx_word' id='word_1_249' title='bbox 552 3400 586 3438; x_wconf 84' lang='lat' dir='ltr'><em>est</em></span> <span class='ocrx_word' id='word_1_250' title='bbox 599 3391 727 3438; x_wconf 82' lang='lat' dir='ltr'><em>differentia</em></span> <span class='ocrx_word' id='word_1_251' title='bbox 743 3392 847 3442; x_wconf 88' lang='lat' dir='ltr'><em>locorum</em></span> <span class='ocrx_word' id='word_1_252' title='bbox 863 3393 890 3438; x_wconf 89' lang='lat' dir='ltr'><em>in</em></span> 
     </span>
     <span class='ocr_line' id='line_1_27' title="bbox 267 3449 889 3516; baseline 0.011 -21"><span class='ocrx_word' id='word_1_253' title='bbox 267 3449 351 3510; x_wconf 88' lang='lat' dir='ltr'><em>quibus</em></span> <span class='ocrx_word' id='word_1_254' title='bbox 362 3461 451 3498; x_wconf 83' lang='lat' dir='ltr'><em>cometa</em></span> <span class='ocrx_word' id='word_1_255' title='bbox 461 3468 490 3498; x_wconf 84' lang='lat' dir='ltr'><em>ex</em></span> <span class='ocrx_word' id='word_1_256' title='bbox 500 3463 580 3500; x_wconf 84' lang='lat' dir='ltr'><em>centro</em></span> <span class='ocrx_word' id='word_1_257' title='bbox 589 3453 674 3512; x_wconf 71' lang='lat' dir='ltr'><em>Terrae,</em></span> <span class='ocrx_word' id='word_1_258' title='bbox 687 3456 723 3502; x_wconf 84' lang='lat' dir='ltr'><em>vel</em></span> <span class='ocrx_word' id='word_1_259' title='bbox 733 3470 762 3502; x_wconf 87' lang='lat' dir='ltr'><em>ex</em></span> <span class='ocrx_word' id='word_1_260' title='bbox 773 3471 801 3503; x_wconf 90' lang='lat' dir='ltr'><em>eo</em></span> <span class='ocrx_word' id='word_1_261' title='bbox 809 3466 889 3516; x_wconf 85' lang='lat' dir='ltr'><em>super-</em></span> 
     </span>
     <span class='ocr_line' id='line_1_28' title="bbox 268 3512 888 3578; baseline 0.013 -19"><span class='ocrx_word' id='word_1_262' title='bbox 268 3512 328 3560; x_wconf 79' lang='lat' dir='ltr'><em>ficiei</em></span> <span class='ocrx_word' id='word_1_263' title='bbox 346 3514 424 3560; x_wconf 81' lang='lat' dir='ltr'><em>Terrae</em></span> <span class='ocrx_word' id='word_1_264' title='bbox 440 3515 491 3562; x_wconf 90' lang='lat' dir='ltr'><em>loco</em></span> <span class='ocrx_word' id='word_1_265' title='bbox 501 3516 531 3562; x_wconf 84' lang='lat' dir='ltr'><em>ad</em></span> <span class='ocrx_word' id='word_1_266' title='bbox 539 3527 611 3578; x_wconf 73' lang='lat' dir='ltr'><em>quern</em></span> <span class='ocrx_word' id='word_1_267' title='bbox 622 3527 712 3565; x_wconf 83' lang='lat' dir='ltr'><em>corneto</em></span> <span class='ocrx_word' id='word_1_268' title='bbox 722 3519 835 3566; x_wconf 70' lang='lat' dir='ltr'><em>verticalis</em></span> <span class='ocrx_word' id='word_1_269' title='bbox 844 3530 888 3576; x_wconf 80' lang='lat' dir='ltr'><em>cst,</em></span> 
     </span>
    </p>
   </div>
   <div class='ocr_carea' id='block_1_6' title="bbox 267 3577 889 3705">
    <p class='ocr_par' dir='ltr' id='par_1_7' title="bbox 267 3577 889 3705">
     <span class='ocr_line' id='line_1_29' title="bbox 267 3577 888 3639; baseline 0.013 -17"><span class='ocrx_word' id='word_1_270' title='bbox 267 3586 329 3624; x_wconf 85' lang='lat' dir='ltr'><em>etex</em></span> <span class='ocrx_word' id='word_1_271' title='bbox 340 3577 421 3639; x_wconf 79' lang='lat' dir='ltr'><em>quovis</em></span> <span class='ocrx_word' id='word_1_272' title='bbox 432 3578 477 3624; x_wconf 88' lang='lat' dir='ltr'><em>alio</em></span> <span class='ocrx_word' id='word_1_273' title='bbox 494 3579 545 3626; x_wconf 91' lang='lat' dir='ltr'><em>loco</em></span> <span class='ocrx_word' id='word_1_274' title='bbox 555 3581 682 3638; x_wconf 82' lang='lat' dir='ltr'><em>superficiei</em></span> <span class='ocrx_word' id='word_1_275' title='bbox 694 3582 772 3629; x_wconf 84' lang='lat' dir='ltr'><em>Terrae</em></span> <span class='ocrx_word' id='word_1_276' title='bbox 783 3585 888 3630; x_wconf 77' lang='lat' dir='ltr'><em>observa-</em></span> 
     </span>
     <span class='ocr_line' id='line_1_30' title="bbox 267 3641 889 3705; baseline 0.01 -18"><span class='ocrx_word' id='word_1_277' title='bbox 267 3649 306 3687; x_wconf 87' lang='lat' dir='ltr'><em>tus</em></span> <span class='ocrx_word' id='word_1_278' title='bbox 316 3641 376 3688; x_wconf 86' lang='lat' dir='ltr'><em>inter</em></span> <span class='ocrx_word' id='word_1_279' title='bbox 386 3641 462 3688; x_wconf 85' lang='lat' dir='ltr'><em>stellas</em></span> <span class='ocrx_word' id='word_1_280' title='bbox 478 3641 535 3688; x_wconf 81' lang='lat' dir='ltr'><em>tiras</em></span> <span class='ocrx_word' id='word_1_281' title='bbox 550 3641 654 3690; x_wconf 77' lang='lat' dir='ltr'><em>refertur.</em></span> <span class='ocrx_word' id='word_1_282' title='bbox 691 3645 752 3692; x_wconf 72' lang='lat' dir='ltr'><em>Hac</em></span> <span class='ocrx_word' id='word_1_283' title='bbox 769 3647 889 3705; x_wconf 83' lang='lat' dir='ltr'><em>parallaxia</em></span> 
     </span>
    </p>
   </div>
   <div class='ocr_carea' id='block_1_7' title="bbox 187 3703 889 3763">
    <p class='ocr_par' dir='ltr' id='par_1_8' title="bbox 187 3703 889 3763">
     <span class='ocr_line' id='line_1_31' title="bbox 187 3703 889 3763; baseline 0.007 -11"><span class='ocrx_word' id='word_1_284' title='bbox 187 3745 191 3752; x_wconf 89' lang='lat'><em>.</em></span> <span class='ocrx_word' id='word_1_285' title='bbox 267 3703 358 3760; x_wconf 90' lang='lat' dir='ltr'><em>diurna,</em></span> <span class='ocrx_word' id='word_1_286' title='bbox 370 3704 472 3752; x_wconf 85' lang='lat' dir='ltr'><em>maxima</em></span> <span class='ocrx_word' id='word_1_287' title='bbox 480 3714 515 3753; x_wconf 88' lang='lat' dir='ltr'><em>est</em></span> <span class='ocrx_word' id='word_1_288' title='bbox 525 3707 551 3752; x_wconf 90' lang='lat' dir='ltr'><em>in</em></span> <span class='ocrx_word' id='word_1_289' title='bbox 560 3706 638 3763; x_wconf 78' lang='lat' dir='ltr'><em>Luni,</em></span> <span class='ocrx_word' id='word_1_290' title='bbox 648 3707 687 3754; x_wconf 88' lang='lat' dir='ltr'><em>ubl</em></span> <span class='ocrx_word' id='word_1_291' title='bbox 698 3719 725 3755; x_wconf 84' lang='lat' dir='ltr'><em>ea</em></span> <span class='ocrx_word' id='word_1_292' title='bbox 735 3709 760 3754; x_wconf 92' lang='lat' dir='ltr'><em>in</em></span> <span class='ocrx_word' id='word_1_293' title='bbox 770 3710 889 3757; x_wconf 74' lang='lat' dir='ltr'><em>horizonte</em></span> 
     </span>
    </p>
   </div>
   <div class='ocr_carea' id='block_1_8' title="bbox 214 3765 1552 4796">
    <p class='ocr_par' dir='ltr' id='par_1_9' title="bbox 214 3765 1552 4796">
     <span class='ocr_line' id='line_1_32' title="bbox 267 3765 968 3834; baseline 0.01 -20"><span class='ocrx_word' id='word_1_294' title='bbox 267 3765 420 3824; x_wconf 80' lang='lat' dir='ltr'><em>constituitur,</em></span> <span class='ocrx_word' id='word_1_295' title='bbox 433 3769 488 3816; x_wconf 87' lang='lat' dir='ltr'><em>inde</em></span> <span class='ocrx_word' id='word_1_296' title='bbox 498 3769 552 3816; x_wconf 79' lang='lat' dir='ltr'><em>vend</em></span> <span class='ocrx_word' id='word_1_297' title='bbox 562 3769 636 3833; x_wconf 76' lang='lat' dir='ltr'><em>magia</em></span> <span class='ocrx_word' id='word_1_298' title='bbox 647 3772 767 3834; x_wconf 84' lang='lat' dir='ltr'><em>magisque</em></span> <span class='ocrx_word' id='word_1_299' title='bbox 778 3773 889 3820; x_wconf 80' lang='lat' dir='ltr'><em>decrescit</em></span> <span class='ocrx_word' id='word_1_300' title='bbox 965 3818 968 3827; x_wconf 82' lang='lat'>‚</span> 
     </span>
     <span class='ocr_line' id='line_1_33' title="bbox 268 3831 886 3893; baseline 0.008 -14"><span class='ocrx_word' id='word_1_301' title='bbox 268 3831 316 3893; x_wconf 81' lang='lat' dir='ltr'><em>qud</em></span> <span class='ocrx_word' id='word_1_302' title='bbox 329 3832 406 3882; x_wconf 60' lang='lat' dir='ltr'><em>altius</em></span> <span class='ocrx_word' id='word_1_303' title='bbox 428 3833 500 3880; x_wconf 85' lang='lat' dir='ltr'><em>Luna</em></span> <span class='ocrx_word' id='word_1_304' title='bbox 521 3833 591 3893; x_wconf 77' lang='lat' dir='ltr'><em>auprd</em></span> <span class='ocrx_word' id='word_1_305' title='bbox 614 3834 756 3882; x_wconf 84' lang='lat' dir='ltr'><em>horinontem</em></span> <span class='ocrx_word' id='word_1_306' title='bbox 777 3835 886 3884; x_wconf 79' lang='lat' dir='ltr'><em>elevatur.</em></span> 
     </span>
     <span class='ocr_line' id='line_1_34' title="bbox 270 3894 888 3958; baseline 0.008 -16"><span class='ocrx_word' id='word_1_307' title='bbox 270 3896 333 3950; x_wconf 80' lang='lat' dir='ltr'><em>Quia</em></span> <span class='ocrx_word' id='word_1_308' title='bbox 355 3894 409 3943; x_wconf 80' lang='lat' dir='ltr'><em>verd</em></span> <span class='ocrx_word' id='word_1_309' title='bbox 429 3897 479 3944; x_wconf 77' lang='lat' dir='ltr'><em>haec</em></span> <span class='ocrx_word' id='word_1_310' title='bbox 499 3897 621 3958; x_wconf 82' lang='lat' dir='ltr'><em>parallaxis</em></span> <span class='ocrx_word' id='word_1_311' title='bbox 641 3913 690 3945; x_wconf 91' lang='lat' dir='ltr'><em>non</em></span> <span class='ocrx_word' id='word_1_312' title='bbox 711 3901 842 3947; x_wconf 87' lang='lat' dir='ltr'><em>observatur</em></span> <span class='ocrx_word' id='word_1_313' title='bbox 863 3901 888 3947; x_wconf 94' lang='lat' dir='ltr'><em>in</em></span> 
     </span>
     <span class='ocr_line' id='line_1_35' title="bbox 268 3959 858 4027; baseline 0.008 -21"><span class='ocrx_word' id='word_1_314' title='bbox 268 3961 370 4016; x_wconf 79' lang='lat' dir='ltr'><em>cometis,</em></span> <span class='ocrx_word' id='word_1_315' title='bbox 382 3969 445 4021; x_wconf 88' lang='lat' dir='ltr'><em>patet</em></span> <span class='ocrx_word' id='word_1_316' title='bbox 455 3975 494 4008; x_wconf 86' lang='lat' dir='ltr'><em>eos</em></span> <span class='ocrx_word' id='word_1_317' title='bbox 504 3977 553 4008; x_wconf 86' lang='lat' dir='ltr'><em>esse</em></span> <span class='ocrx_word' id='word_1_318' title='bbox 565 3961 636 4008; x_wconf 69' lang='lat' dir='ltr'><em>Luni</em></span> <span class='ocrx_word' id='word_1_319' title='bbox 646 3959 773 4024; x_wconf 81' lang='lat' dir='ltr'><em>superiores</em></span> <span class='ocrx_word' id='word_1_320' title='bbox 785 3961 858 4027; x_wconf 74' lang='lat'>(30.)-</span> 
     </span>
     <span class='ocr_line' id='line_1_36' title="bbox 300 4023 889 4100; baseline 0.003 -27"><span class='ocrx_word' id='word_1_321' title='bbox 300 4025 332 4087; x_wconf 71' lang='lat'><em>(&#39;)</em></span> <span class='ocrx_word' id='word_1_322' title='bbox 346 4029 359 4056; x_wconf 73' lang='lat'>⁸</span> <span class='ocrx_word' id='word_1_323' title='bbox 371 4027 409 4074; x_wconf 84' lang='lat' dir='ltr'><em>Sic</em></span> <span class='ocrx_word' id='word_1_324' title='bbox 418 4041 444 4072; x_wconf 83' lang='lat' dir='ltr'><em>ea</em></span> <span class='ocrx_word' id='word_1_325' title='bbox 455 4028 569 4100; x_wconf 76' lang='lat' dir='ltr'><em>parallori</em></span> <span class='ocrx_word' id='word_1_326' title='bbox 584 4023 673 4074; x_wconf 57' lang='lat' dir='ltr'><em>annua</em></span> <span class='ocrx_word' id='word_1_327' title='bbox 710 4027 837 4075; x_wconf 83' lang='lat' dir='ltr'><em>Parallaxis</em></span> <span class='ocrx_word' id='word_1_328' title='bbox 847 4043 889 4074; x_wconf 87' lang='lat' dir='ltr'><em>an-</em></span> 
     </span>
     <span class='ocr_line' id='line_1_37' title="bbox 267 4089 889 4152; baseline 0.01 -19"><span class='ocrx_word' id='word_1_329' title='bbox 267 4102 315 4134; x_wconf 88' lang='lat' dir='ltr'><em>nua</em></span> <span class='ocrx_word' id='word_1_330' title='bbox 325 4104 354 4135; x_wconf 85' lang='lat' dir='ltr'><em>er</em></span> <span class='ocrx_word' id='word_1_331' title='bbox 365 4097 431 4136; x_wconf 90' lang='lat' dir='ltr'><em>motu</em></span> <span class='ocrx_word' id='word_1_332' title='bbox 442 4089 503 4136; x_wconf 70' lang='lat' dir='ltr'><em>cnei</em></span> <span class='ocrx_word' id='word_1_333' title='bbox 513 4089 589 4136; x_wconf 81' lang='lat' dir='ltr'><em>Solem</em></span> <span class='ocrx_word' id='word_1_334' title='bbox 601 4091 680 4148; x_wconf 89' lang='lat' dir='ltr'><em>oritur,</em></span> <span class='ocrx_word' id='word_1_335' title='bbox 693 4092 788 4152; x_wconf 76' lang='lat' dir='ltr'><em>haecque</em></span> <span class='ocrx_word' id='word_1_336' title='bbox 796 4092 889 4152; x_wconf 78' lang='lat' dir='ltr'><em>respicit</em></span> 
     </span>
     <span class='ocr_line' id='line_1_38' title="bbox 267 4149 888 4216; baseline 0.013 -22"><span class='ocrx_word' id='word_1_337' title='bbox 267 4149 437 4212; x_wconf 85' lang='lat' dir='ltr'><em>longitudinem</em></span> <span class='ocrx_word' id='word_1_338' title='bbox 453 4163 557 4214; x_wconf 79' lang='lat' dir='ltr'><em>cometae.</em></span> <span class='ocrx_word' id='word_1_339' title='bbox 573 4154 617 4199; x_wconf 87' lang='lat' dir='ltr'><em>boc</em></span> <span class='ocrx_word' id='word_1_340' title='bbox 633 4161 674 4211; x_wconf 83' lang='lat' dir='ltr'><em>est,</em></span> <span class='ocrx_word' id='word_1_341' title='bbox 689 4153 820 4202; x_wconf 78' lang='lat' dir='ltr'><em>distantiam</em></span> <span class='ocrx_word' id='word_1_342' title='bbox 837 4155 888 4216; x_wconf 87' lang='lat' dir='ltr'><em>ejus</em></span> 
     </span>
     <span class='ocr_line' id='line_1_39' title="bbox 267 4214 888 4276; baseline 0.013 -19"><span class='ocrx_word' id='word_1_343' title='bbox 267 4214 293 4258; x_wconf 90' lang='lat' dir='ltr'><em>in</em></span> <span class='ocrx_word' id='word_1_344' title='bbox 304 4215 408 4274; x_wconf 68' lang='lat' dir='ltr'><em>ecliptica</em></span> <span class='ocrx_word' id='word_1_345' title='bbox 419 4231 433 4261; x_wconf 86' lang='lat' dir='ltr'><em>a</em></span> <span class='ocrx_word' id='word_1_346' title='bbox 448 4217 524 4276; x_wconf 89' lang='lat' dir='ltr'><em>primo</em></span> <span class='ocrx_word' id='word_1_347' title='bbox 537 4215 622 4264; x_wconf 81' lang='lat' dir='ltr'><em>Arietis</em></span> <span class='ocrx_word' id='word_1_348' title='bbox 632 4226 727 4276; x_wconf 87' lang='lat' dir='ltr'><em>puncto.</em></span> <span class='ocrx_word' id='word_1_349' title='bbox 761 4217 888 4273; x_wconf 76' lang='lat' dir='ltr'><em>Quomodd</em></span> 
     </span>
     <span class='ocr_line' id='line_1_40' title="bbox 267 4275 887 4343; baseline 0.013 -22"><span class='ocrx_word' id='word_1_350' title='bbox 267 4291 295 4321; x_wconf 85' lang='lat' dir='ltr'><em>cr</em></span> <span class='ocrx_word' id='word_1_351' title='bbox 307 4275 470 4337; x_wconf 67' lang='lat' dir='ltr'><em>inoperatam</em></span> <span class='ocrx_word' id='word_1_352' title='bbox 484 4281 614 4328; x_wconf 77' lang='lat' dir='ltr'><em>Newtonus</em></span> <span class='ocrx_word' id='word_1_353' title='bbox 624 4280 718 4343; x_wconf 79' lang='lat' dir='ltr'><em>colligat</em></span> <span class='ocrx_word' id='word_1_354' title='bbox 728 4291 830 4328; x_wconf 77' lang='lat' dir='ltr'><em>cometas</em></span> <span class='ocrx_word' id='word_1_355' title='bbox 846 4283 887 4329; x_wconf 83' lang='lat' dir='ltr'><em>da·</em></span> 
     </span>
     <span class='ocr_line' id='line_1_41' title="bbox 214 4339 888 4448; baseline 0.013 -65"><span class='ocrx_word' id='word_1_356' title='bbox 214 4370 216 4375; x_wconf 84' lang='lat'><em>-</em></span> <span class='ocrx_word' id='word_1_357' title='bbox 267 4339 376 4448; x_wconf 59' lang='lat' dir='ltr'><em>plecendere</em></span> <span class='ocrx_word' id='word_1_358' title='bbox 386 4342 410 4410; x_wconf 80' lang='lat' dir='ltr'><em>in</em></span> <span class='ocrx_word' id='word_1_359' title='bbox 421 4344 526 4406; x_wconf 84' lang='lat' dir='ltr'><em>regiones</em></span> <span class='ocrx_word' id='word_1_360' title='bbox 536 4344 688 4405; x_wconf 86' lang='lat' dir='ltr'><em>planetarum,</em></span> <span class='ocrx_word' id='word_1_361' title='bbox 700 4344 852 4406; x_wconf 82' lang='lat' dir='ltr'><em>explicabitur</em></span> <span class='ocrx_word' id='word_1_362' title='bbox 862 4346 888 4392; x_wconf 89' lang='lat' dir='ltr'><em>in</em></span> 
     </span>
     <span class='ocr_line' id='line_1_42' title="bbox 299 4417 375 4450; baseline 0.026 -2"><span class='ocrx_word' id='word_1_363' title='bbox 299 4417 375 4450; x_wconf 85' lang='lat' dir='ltr'><em>cursu.</em></span> 
     </span>
     <span class='ocr_line' id='line_1_43' title="bbox 299 4466 887 4534; baseline 0.027 -22"><span class='ocrx_word' id='word_1_364' title='bbox 299 4466 331 4528; x_wconf 83' lang='lat'><em>(⁸)</em></span> <span class='ocrx_word' id='word_1_365' title='bbox 346 4473 397 4514; x_wconf 78' lang='lat'>128.</span> <span class='ocrx_word' id='word_1_366' title='bbox 413 4473 426 4500; x_wconf 73' lang='lat'><strong>⁹</strong></span> <span class='ocrx_word' id='word_1_367' title='bbox 441 4475 557 4534; x_wconf 81' lang='lat' dir='ltr'><em>Continget</em></span> <span class='ocrx_word' id='word_1_368' title='bbox 568 4476 608 4522; x_wconf 76' lang='lat' dir='ltr'><em>doc</em></span> <span class='ocrx_word' id='word_1_369' title='bbox 619 4472 723 4522; x_wconf 80' lang='lat' dir='ltr'><em>mnrime‘.</em></span> <span class='ocrx_word' id='word_1_370' title='bbox 753 4472 789 4521; x_wconf 84' lang='lat' dir='ltr'><em>sit</em></span> <span class='ocrx_word' id='word_1_371' title='bbox 800 4474 824 4531; x_wconf 89' lang='lat' dir='ltr'><em>S,</em></span> <span class='ocrx_word' id='word_1_372' title='bbox 838 4473 887 4528; x_wconf 64' lang='lat' dir='ltr'><em>Sol,</em></span> 
     </span>
     <span class='ocr_line' id='line_1_44' title="bbox 267 4530 1335 4596; baseline 0.012 -18"><span class='ocrx_word' id='word_1_373' title='bbox 267 4530 292 4578; x_wconf 83' lang='lat' dir='ltr'>A</span> <span class='ocrx_word' id='word_1_374' title='bbox 307 4533 328 4578; x_wconf 92' lang='lat' dir='ltr'>B</span> <span class='ocrx_word' id='word_1_375' title='bbox 341 4531 372 4588; x_wconf 88' lang='grc' dir='ltr'><em>Ε,</em></span> <span class='ocrx_word' id='word_1_376' title='bbox 384 4533 457 4578; x_wconf 87' lang='lat' dir='ltr'><em>orbita</em></span> <span class='ocrx_word' id='word_1_377' title='bbox 469 4533 569 4582; x_wconf 83' lang='lat' dir='ltr'><em>Telluris</em></span> <span class='ocrx_word' id='word_1_378' title='bbox 579 4548 602 4584; x_wconf 87' lang='lat' dir='ltr'><em>et</em></span> <span class='ocrx_word' id='word_1_379' title='bbox 612 4539 676 4594; x_wconf 89' lang='lat' dir='ltr'><em>abc,</em></span> <span class='ocrx_word' id='word_1_380' title='bbox 689 4539 777 4596; x_wconf 77' lang='lat' dir='ltr'><em>sphaera</em></span> <span class='ocrx_word' id='word_1_381' title='bbox 788 4537 899 4584; x_wconf 85' lang='lat' dir='ltr'><em>lixarum·</em></span> <span class='ocrx_word' id='word_1_382' title='bbox 1094 4552 1098 4561; x_wconf 70' lang='grc'>’</span> <span class='ocrx_word' id='word_1_383' title='bbox 1116 4553 1121 4560; x_wconf 90' lang='grc'>·</span> <span class='ocrx_word' id='word_1_384' title='bbox 1333 4570 1335 4574; x_wconf 92' lang='grc'>-</span> 
     </span>
     <span class='ocr_line' id='line_1_45' title="bbox 266 4595 1550 4666; baseline 0.004 -24"><span class='ocrx_word' id='word_1_385' title='bbox 266 4595 296 4643; x_wconf 87' lang='lat' dir='ltr'><em>ad</em></span> <span class='ocrx_word' id='word_1_386' title='bbox 312 4611 382 4658; x_wconf 83' lang='lat' dir='ltr'><em>quarn</em></span> <span class='ocrx_word' id='word_1_387' title='bbox 399 4595 497 4654; x_wconf 82' lang='lat' dir='ltr'><em>planetae</em></span> <span class='ocrx_word' id='word_1_388' title='bbox 507 4599 642 4657; x_wconf 71' lang='lat' dir='ltr'><em>reserantia,</em></span> <span class='ocrx_word' id='word_1_389' title='bbox 654 4601 813 4663; x_wconf 81' lang='lat' dir='ltr'><em>exhibeatque,</em></span> <span class='ocrx_word' id='word_1_390' title='bbox 832 4607 852 4658; x_wconf 90' lang='lat' dir='ltr'><em>l,</em></span> <span class='ocrx_word' id='word_1_391' title='bbox 862 4607 884 4656; x_wconf 74' lang='lat'><em>2,</em></span> <span class='ocrx_word' id='word_1_392' title='bbox 919 4611 973 4650; x_wconf 83' lang='lat' dir='ltr'><em>neta</em></span> <span class='ocrx_word' id='word_1_393' title='bbox 983 4617 1011 4648; x_wconf 85' lang='lat' dir='ltr'><em>er</em></span> <span class='ocrx_word' id='word_1_394' title='bbox 1024 4609 1048 4660; x_wconf 83' lang='lat'><em>8,</em></span> <span class='ocrx_word' id='word_1_395' title='bbox 1064 4619 1106 4665; x_wconf 86' lang='lat' dir='ltr'><em>per</em></span> <span class='ocrx_word' id='word_1_396' title='bbox 1116 4611 1132 4652; x_wconf 89' lang='lat'>4</span> <span class='ocrx_word' id='word_1_397' title='bbox 1142 4605 1167 4652; x_wconf 88' lang='lat' dir='ltr'><em>in</em></span> <span class='ocrx_word' id='word_1_398' title='bbox 1178 4609 1201 4662; x_wconf 85' lang='lat'><em>5,</em></span> <span class='ocrx_word' id='word_1_399' title='bbox 1218 4605 1281 4653; x_wconf 87' lang='lat' dir='ltr'><em>idern</em></span> <span class='ocrx_word' id='word_1_400' title='bbox 1297 4603 1389 4666; x_wconf 86' lang='lat' dir='ltr'><em>planeta</em></span> <span class='ocrx_word' id='word_1_401' title='bbox 1399 4600 1474 4664; x_wconf 88' lang='lat' dir='ltr'><em>perd,</em></span> <span class='ocrx_word' id='word_1_402' title='bbox 1490 4600 1550 4659; x_wconf 87' lang='lat' dir='ltr'><em>ine,</em></span> 
     </span>
     <span class='ocr_line' id='line_1_46' title="bbox 266 4659 1182 4728; baseline 0.011 -22"><span class='ocrx_word' id='word_1_403' title='bbox 266 4667 289 4716; x_wconf 78' lang='lat' dir='ltr'><em>s,</em></span> <span class='ocrx_word' id='word_1_404' title='bbox 301 4665 323 4713; x_wconf 73' lang='grc'><em>4,</em></span> <span class='ocrx_word' id='word_1_405' title='bbox 335 4660 434 4720; x_wconf 78' lang='lat' dir='ltr'><em>planete</em></span> <span class='ocrx_word' id='word_1_406' title='bbox 442 4659 541 4722; x_wconf 87' lang='lat' dir='ltr'><em>alicujus</em></span> <span class='ocrx_word' id='word_1_407' title='bbox 551 4663 665 4711; x_wconf 85' lang='lat' dir='ltr'><em>inferioris</em></span> <span class='ocrx_word' id='word_1_408' title='bbox 672 4666 778 4712; x_wconf 87' lang='lat' dir='ltr'><em>orbitarn.</em></span> <span class='ocrx_word' id='word_1_409' title='bbox 804 4665 889 4712; x_wconf 80' lang='lat' dir='ltr'><em>Move.</em></span> <span class='ocrx_word' id='word_1_410' title='bbox 920 4667 1047 4728; x_wconf 82' lang='lat' dir='ltr'><em>retrogredi</em></span> <span class='ocrx_word' id='word_1_411' title='bbox 1059 4669 1182 4717; x_wconf 85' lang='lat' dir='ltr'><em>videbitur.</em></span> 
     </span>
     <span class='ocr_line' id='line_1_47' title="bbox 265 4725 1552 4796; baseline 0.007 -23"><span class='ocrx_word' id='word_1_412' title='bbox 265 4733 315 4773; x_wconf 82' lang='lat' dir='ltr'><em>atur</em></span> <span class='ocrx_word' id='word_1_413' title='bbox 330 4726 402 4774; x_wconf 86' lang='lat' dir='ltr'><em>Terra</em></span> <span class='ocrx_word' id='word_1_414' title='bbox 413 4739 442 4771; x_wconf 84' lang='lat' dir='ltr'><em>ex</em></span> <span class='ocrx_word' id='word_1_415' title='bbox 452 4725 482 4782; x_wconf 87' lang='lat' dir='ltr'><em>A,</em></span> <span class='ocrx_word' id='word_1_416' title='bbox 494 4739 535 4785; x_wconf 86' lang='lat' dir='ltr'><em>per</em></span> <span class='ocrx_word' id='word_1_417' title='bbox 547 4726 576 4782; x_wconf 90' lang='lat' dir='ltr'><em>B,</em></span> <span class='ocrx_word' id='word_1_418' title='bbox 588 4727 613 4774; x_wconf 91' lang='lat' dir='ltr'><em>in</em></span> <span class='ocrx_word' id='word_1_419' title='bbox 624 4728 652 4785; x_wconf 87' lang='lat' dir='ltr'><em>C,</em></span> <span class='ocrx_word' id='word_1_420' title='bbox 663 4727 785 4777; x_wconf 78' lang='lat' dir='ltr'><em>etintered</em></span> <span class='ocrx_word' id='word_1_421' title='bbox 795 4729 888 4790; x_wconf 85' lang='lat' dir='ltr'><em>planeta</em></span> <span class='ocrx_word' id='word_1_422' title='bbox 952 4730 1008 4780; x_wconf 85' lang='lat' dir='ltr'><em>Jam</em></span> <span class='ocrx_word' id='word_1_423' title='bbox 1019 4731 1074 4782; x_wconf 81' lang='lat' dir='ltr'><em>rard</em></span> <span class='ocrx_word' id='word_1_424' title='bbox 1090 4742 1237 4796; x_wconf 84' lang='lat' dir='ltr'><em>repraesentet</em></span> <span class='ocrx_word' id='word_1_425' title='bbox 1250 4738 1306 4791; x_wconf 63' lang='lat' dir='ltr'><em>ht),</em></span> <span class='ocrx_word' id='word_1_426' title='bbox 1322 4733 1428 4783; x_wconf 68' lang='lat' dir='ltr'><em>nomm</em></span> <span class='ocrx_word' id='word_1_427' title='bbox 1450 4727 1552 4789; x_wconf 67' lang='lat' dir='ltr'><em>rinnel·</em></span> 
     </span>
    </p>
   </div>
   <div class='ocr_carea' id='block_1_9' title="bbox 0 0 1701 5675">
    <p class='ocr_par' dir='ltr' id='par_1_10' title="bbox 0 0 1701 5675">
     <span class='ocr_line' id='line_1_48' title="bbox 0 0 1701 5675; baseline 0 0"><span class='ocrx_word' id='word_1_428' title='bbox 0 0 1701 5675; x_wconf 95' lang='lat' dir='ltr'><em> </em></span> 
     </span>
    </p>
   </div>
  </div>
 </body>
</html>
