<?xml version="1.0" encoding="UTF-8"?>
<!DOCTYPE html PUBLIC "-//W3C//DTD XHTML 1.0 Transitional//EN"
    "http://www.w3.org/TR/xhtml1/DTD/xhtml1-transitional.dtd">
<html xmlns="http://www.w3.org/1999/xhtml" xml:lang="en" lang="en">
 <head>
  <title>
</title>
<meta http-equiv="Content-Type" content="text/html;charset=utf-8" />
  <meta name='ocr-system' content='tesseract 3.04.00' />
  <meta name='ocr-capabilities' content='ocr_page ocr_carea ocr_par ocr_line ocrx_word'/>
</head>
<body>
  <div class='ocr_page' id='page_1' title='image "./philosophinatur04wriggoog_0187.png"; bbox 0 0 3392 5675; ppageno 0'>
   <div class='ocr_carea' id='block_1_1' title="bbox 256 485 1540 568">
    <p class='ocr_par' dir='ltr' id='par_1_1' title="bbox 256 485 1540 568">
     <span class='ocr_line' id='line_1_1' title="bbox 256 485 1540 568; baseline 0.004 -23"><span class='ocrx_word' id='word_1_1' title='bbox 256 487 318 549; x_wconf 86' lang='grc'>176</span> <span class='ocrx_word' id='word_1_2' title='bbox 545 485 904 562; x_wconf 68' lang='lat' dir='ltr'>PHILOSOPHIAE</span> <span class='ocrx_word' id='word_1_3' title='bbox 924 486 1197 553; x_wconf 80' lang='lat' dir='ltr'>NATURALIS</span> <span class='ocrx_word' id='word_1_4' title='bbox 1228 488 1301 568; x_wconf 76' lang='lat' dir='ltr'>[Du</span> <span class='ocrx_word' id='word_1_5' title='bbox 1311 488 1435 553; x_wconf 81' lang='lat' dir='ltr'>Muun.</span> <span class='ocrx_word' id='word_1_6' title='bbox 1446 490 1540 554; x_wconf 74' lang='lat' dir='ltr'>Susa.</span> 
     </span>
    </p>
   </div>
   <div class='ocr_carea' id='block_1_2' title="bbox 150 652 1571 4728">
    <p class='ocr_par' dir='ltr' id='par_1_2' title="bbox 150 652 1571 4525">
     <span class='ocr_line' id='line_1_2' title="bbox 251 652 1540 749; baseline 0.004 -33"><span class='ocrx_word' id='word_1_7' title='bbox 251 652 368 717; x_wconf 85' lang='lat' dir='ltr'>nubem</span> <span class='ocrx_word' id='word_1_8' title='bbox 385 675 454 719; x_wconf 88' lang='lat' dir='ltr'>esse</span> <span class='ocrx_word' id='word_1_9' title='bbox 474 674 530 721; x_wconf 83' lang='lat' dir='ltr'>scu</span> <span class='ocrx_word' id='word_1_10' title='bbox 545 673 693 738; x_wconf 79' lang='lat' dir='ltr'>vaporem</span> <span class='ocrx_word' id='word_1_11' title='bbox 707 678 727 718; x_wconf 88' lang='lat' dir='ltr'><strong>a</strong></span> <span class='ocrx_word' id='word_1_12' title='bbox 741 656 842 740; x_wconf 82' lang='lat' dir='ltr'>cupite</span> <span class='ocrx_word' id='word_1_13' title='bbox 856 667 987 719; x_wconf 78' lang='lat' dir='ltr'>cometae</span> <span class='ocrx_word' id='word_1_14' title='bbox 1003 657 1121 743; x_wconf 88' lang='lat' dir='ltr'>jugiter</span> <span class='ocrx_word' id='word_1_15' title='bbox 1135 668 1312 743; x_wconf 84' lang='lat' dir='ltr'><strong>surgentem</strong></span> <span class='ocrx_word' id='word_1_16' title='bbox 1327 668 1359 749; x_wconf 82' lang='lat' dir='ltr'>et</span> <span class='ocrx_word' id='word_1_17' title='bbox 1371 658 1540 721; x_wconf 82' lang='lat' dir='ltr'>abeuntem</span> 
     </span>
     <span class='ocr_line' id='line_1_3' title="bbox 251 762 1538 851; baseline 0.003 -25"><span class='ocrx_word' id='word_1_18' title='bbox 251 762 286 825; x_wconf 90' lang='lat' dir='ltr'>in</span> <span class='ocrx_word' id='word_1_19' title='bbox 305 776 410 848; x_wconf 70' lang='lat' dir='ltr'>partes</span> <span class='ocrx_word' id='word_1_20' title='bbox 433 788 453 828; x_wconf 84' lang='lat' dir='ltr'>s</span> <span class='ocrx_word' id='word_1_21' title='bbox 465 764 549 829; x_wconf 87' lang='lat' dir='ltr'>&#39;Sole</span> <span class='ocrx_word' id='word_1_22' title='bbox 562 786 703 834; x_wconf 73' lang='lat' dir='ltr'>,eversas</span> <span class='ocrx_word' id='word_1_23' title='bbox 749 765 872 850; x_wconf 91' lang='lat' dir='ltr'>Opinio</span> <span class='ocrx_word' id='word_1_24' title='bbox 891 767 993 850; x_wconf 88' lang='lat' dir='ltr'>prima</span> <span class='ocrx_word' id='word_1_25' title='bbox 1008 788 1116 829; x_wconf 85' lang='lat' dir='ltr'>eorum</span> <span class='ocrx_word' id='word_1_26' title='bbox 1130 767 1246 851; x_wconf 87' lang='lat' dir='ltr'>est-qui</span> <span class='ocrx_word' id='word_1_27' title='bbox 1266 766 1408 829; x_wconf 91' lang='lat' dir='ltr'>nondum</span> <span class='ocrx_word' id='word_1_28' title='bbox 1427 766 1538 830; x_wconf 80' lang='lat' dir='ltr'>imbuti</span> 
     </span>
     <span class='ocr_line' id='line_1_4' title="bbox 251 870 1540 958; baseline 0.002 -25"><span class='ocrx_word' id='word_1_29' title='bbox 251 884 324 935; x_wconf 88' lang='lat' dir='ltr'>sunt</span> <span class='ocrx_word' id='word_1_30' title='bbox 345 870 471 937; x_wconf 75' lang='lat' dir='ltr'>scientiti</span> <span class='ocrx_word' id='word_1_31' title='bbox 492 892 598 937; x_wconf 86' lang='lat' dir='ltr'>rertnn</span> <span class='ocrx_word' id='word_1_32' title='bbox 620 873 803 957; x_wconf 86' lang='lat' dir='ltr'>opticarum.</span> <span class='ocrx_word' id='word_1_33' title='bbox 849 872 933 937; x_wconf 88' lang='lat' dir='ltr'>Nam</span> <span class='ocrx_word' id='word_1_34' title='bbox 949 873 1044 958; x_wconf 86' lang='lat' dir='ltr'>jubar</span> <span class='ocrx_word' id='word_1_35' title='bbox 1059 872 1140 937; x_wconf 88' lang='lat' dir='ltr'>Solis</span> <span class='ocrx_word' id='word_1_36' title='bbox 1158 873 1192 935; x_wconf 91' lang='lat' dir='ltr'>in</span> <span class='ocrx_word' id='word_1_37' title='bbox 1207 872 1352 936; x_wconf 87' lang='lat' dir='ltr'>cubiculo</span> <span class='ocrx_word' id='word_1_38' title='bbox 1370 872 1540 935; x_wconf 86' lang='lat' dir='ltr'>tenebroso</span> 
     </span>
     <span class='ocr_line' id='line_1_5' title="bbox 251 982 1540 1068; baseline 0.005 -25"><span class='ocrx_word' id='word_1_39' title='bbox 251 1001 316 1045; x_wconf 89' lang='lat' dir='ltr'>non</span> <span class='ocrx_word' id='word_1_40' title='bbox 338 982 485 1058; x_wconf 87' lang='lat' dir='ltr'>cernitur,</span> <span class='ocrx_word' id='word_1_41' title='bbox 507 982 567 1047; x_wconf 88' lang='lat' dir='ltr'>nisi</span> <span class='ocrx_word' id='word_1_42' title='bbox 582 994 733 1067; x_wconf 78' lang='lat' dir='ltr'>quatenus</span> <span class='ocrx_word' id='word_1_43' title='bbox 753 984 810 1047; x_wconf 85' lang='lat' dir='ltr'>lux</span> <span class='ocrx_word' id='word_1_44' title='bbox 823 985 994 1049; x_wconf 86' lang='lat' dir='ltr'>reflectitur</span> <span class='ocrx_word' id='word_1_45' title='bbox 1006 1007 1025 1049; x_wconf 93' lang='lat' dir='ltr'>e</span> <span class='ocrx_word' id='word_1_46' title='bbox 1040 984 1204 1068; x_wconf 83' lang='lat' dir='ltr'><strong>pulverum</strong></span> <span class='ocrx_word' id='word_1_47' title='bbox 1218 998 1251 1049; x_wconf 88' lang='lat' dir='ltr'>et</span> <span class='ocrx_word' id='word_1_48' title='bbox 1262 984 1420 1049; x_wconf 86' lang='lat' dir='ltr'>fumorum</span> <span class='ocrx_word' id='word_1_49' title='bbox 1440 986 1540 1068; x_wconf 86' lang='lat' dir='ltr'>parti·</span> 
     </span>
     <span class='ocr_line' id='line_1_6' title="bbox 251 1080 1539 1177; baseline 0.002 -26"><span class='ocrx_word' id='word_1_50' title='bbox 251 1086 329 1151; x_wconf 92' lang='lat' dir='ltr'>culis</span> <span class='ocrx_word' id='word_1_51' title='bbox 349 1110 408 1173; x_wconf 89' lang='lat' dir='ltr'>per</span> <span class='ocrx_word' id='word_1_52' title='bbox 429 1090 534 1153; x_wconf 70' lang='lat' dir='ltr'>obrem</span> <span class='ocrx_word' id='word_1_53' title='bbox 555 1111 678 1173; x_wconf 85' lang='lat' dir='ltr'>semper</span> <span class='ocrx_word' id='word_1_54' title='bbox 700 1089 919 1155; x_wconf 69' lang='lat' dir='ltr'>volitantibus:</span> <span class='ocrx_word' id='word_1_55' title='bbox 941 1088 1076 1177; x_wconf 72' lang='lat' dir='ltr'>ideisque</span> <span class='ocrx_word' id='word_1_56' title='bbox 1095 1091 1129 1154; x_wconf 90' lang='lat' dir='ltr'>in</span> <span class='ocrx_word' id='word_1_57' title='bbox 1143 1094 1215 1155; x_wconf 62' lang='lat' dir='ltr'>abre</span> <span class='ocrx_word' id='word_1_58' title='bbox 1228 1080 1539 1155; x_wconf 72' lang='lat' dir='ltr'>fumisemssioribus</span> 
     </span>
     <span class='ocr_line' id='line_1_7' title="bbox 250 1194 1539 1281; baseline 0.003 -22"><span class='ocrx_word' id='word_1_59' title='bbox 250 1194 363 1262; x_wconf 82' lang='lat' dir='ltr'>inlecto</span> <span class='ocrx_word' id='word_1_60' title='bbox 378 1197 570 1281; x_wconf 78' lang='lat' dir='ltr'><strong>splendidius</strong></span> <span class='ocrx_word' id='word_1_61' title='bbox 585 1208 641 1277; x_wconf 89' lang='lat' dir='ltr'>est,</span> <span class='ocrx_word' id='word_1_62' title='bbox 658 1210 690 1263; x_wconf 90' lang='lat' dir='ltr'>et</span> <span class='ocrx_word' id='word_1_63' title='bbox 704 1220 829 1279; x_wconf 83' lang='lat' dir='ltr'>sensum</span> <span class='ocrx_word' id='word_1_64' title='bbox 842 1198 953 1265; x_wconf 79' lang='lat' dir='ltr'>sortitis</span> <span class='ocrx_word' id='word_1_65' title='bbox 966 1200 1056 1276; x_wconf 81' lang='lat' dir='ltr'>ferit3</span> <span class='ocrx_word' id='word_1_66' title='bbox 1070 1200 1104 1263; x_wconf 90' lang='lat' dir='ltr'>in</span> <span class='ocrx_word' id='word_1_67' title='bbox 1118 1203 1191 1263; x_wconf 77' lang='lat' dir='ltr'>aiire</span> <span class='ocrx_word' id='word_1_68' title='bbox 1205 1197 1338 1263; x_wconf 88' lang='lat' dir='ltr'>clariore</span> <span class='ocrx_word' id='word_1_69' title='bbox 1353 1199 1475 1263; x_wconf 89' lang='lat' dir='ltr'>tenuius</span> <span class='ocrx_word' id='word_1_70' title='bbox 1489 1211 1539 1263; x_wconf 91' lang='lat' dir='ltr'>est</span> 
     </span>
     <span class='ocr_line' id='line_1_8' title="bbox 250 1304 1539 1391; baseline 0.002 -24"><span class='ocrx_word' id='word_1_71' title='bbox 250 1315 282 1368; x_wconf 88' lang='lat' dir='ltr'>et</span> <span class='ocrx_word' id='word_1_72' title='bbox 303 1304 417 1391; x_wconf 82' lang='lat' dir='ltr'>aegritis</span> <span class='ocrx_word' id='word_1_73' title='bbox 440 1306 588 1371; x_wconf 84' lang='lat' dir='ltr'><strong>sentitur:</strong></span> <span class='ocrx_word' id='word_1_74' title='bbox 611 1307 645 1369; x_wconf 92' lang='lat' dir='ltr'>in</span> <span class='ocrx_word' id='word_1_75' title='bbox 667 1308 753 1371; x_wconf 90' lang='lat' dir='ltr'>coelis</span> <span class='ocrx_word' id='word_1_76' title='bbox 776 1320 880 1372; x_wconf 68' lang='lat' dir='ltr'>summ</span> <span class='ocrx_word' id='word_1_77' title='bbox 901 1308 969 1372; x_wconf 91' lang='lat' dir='ltr'>sine</span> <span class='ocrx_word' id='word_1_78' title='bbox 988 1306 1117 1371; x_wconf 65' lang='lat' dir='ltr'>materiei</span> <span class='ocrx_word' id='word_1_79' title='bbox 1139 1306 1317 1371; x_wconf 80' lang='lat' dir='ltr'>reflectente</span> <span class='ocrx_word' id='word_1_80' title='bbox 1334 1306 1455 1369; x_wconf 85' lang='lat' dir='ltr'>nullum</span> <span class='ocrx_word' id='word_1_81' title='bbox 1469 1328 1539 1369; x_wconf 90' lang='lat' dir='ltr'>esse</span> 
     </span>
     <span class='ocr_line' id='line_1_9' title="bbox 249 1413 1539 1502; baseline -0.002 -25"><span class='ocrx_word' id='word_1_82' title='bbox 249 1424 360 1496; x_wconf 80' lang='lat' dir='ltr'>potest.</span> <span class='ocrx_word' id='word_1_83' title='bbox 405 1414 489 1479; x_wconf 82' lang='lat' dir='ltr'><strong>Lux&#39;</strong></span> <span class='ocrx_word' id='word_1_84' title='bbox 503 1436 568 1478; x_wconf 90' lang='lat' dir='ltr'>non</span> <span class='ocrx_word' id='word_1_85' title='bbox 586 1416 731 1479; x_wconf 82' lang='lat' dir='ltr'>cernitur</span> <span class='ocrx_word' id='word_1_86' title='bbox 756 1415 909 1502; x_wconf 72' lang='lat' dir='ltr'>quitenus</span> <span class='ocrx_word' id='word_1_87' title='bbox 933 1416 967 1481; x_wconf 90' lang='lat' dir='ltr'>iu</span> <span class='ocrx_word' id='word_1_88' title='bbox 987 1416 1100 1500; x_wconf 76' lang='lat' dir='ltr'>jubere</span> <span class='ocrx_word' id='word_1_89' title='bbox 1122 1428 1180 1491; x_wconf 86' lang='lat' dir='ltr'>est,</span> <span class='ocrx_word' id='word_1_90' title='bbox 1206 1414 1262 1478; x_wconf 86' lang='lat' dir='ltr'>sed</span> <span class='ocrx_word' id='word_1_91' title='bbox 1287 1413 1438 1499; x_wconf 72' lang='lat' dir='ltr'>quitenus</span> <span class='ocrx_word' id='word_1_92' title='bbox 1463 1414 1539 1476; x_wconf 88' lang='lat' dir='ltr'>inde</span> 
     </span>
     <span class='ocr_line' id='line_1_10' title="bbox 249 1506 1537 1606; baseline 0.002 -25"><span class='ocrx_word' id='word_1_93' title='bbox 249 1520 419 1585; x_wconf 89' lang='lat' dir='ltr'>reflectitur</span> <span class='ocrx_word' id='word_1_94' title='bbox 439 1520 481 1585; x_wconf 83' lang='lat' dir='ltr'>sd</span> <span class='ocrx_word' id='word_1_95' title='bbox 500 1520 607 1587; x_wconf 92' lang='lat' dir='ltr'>oculos</span> <span class='ocrx_word' id='word_1_96' title='bbox 625 1532 758 1587; x_wconf 92' lang='lat' dir='ltr'>nostros.</span> <span class='ocrx_word' id='word_1_97' title='bbox 804 1523 889 1587; x_wconf 86' lang='lat' dir='ltr'>Nam</span> <span class='ocrx_word' id='word_1_98' title='bbox 912 1506 991 1586; x_wconf 86' lang='lat' dir='ltr'>visio</span> <span class='ocrx_word' id='word_1_99' title='bbox 1014 1544 1080 1587; x_wconf 92' lang='lat' dir='ltr'>non</span> <span class='ocrx_word' id='word_1_100' title='bbox 1099 1520 1136 1585; x_wconf 82' lang='lat' dir='ltr'>lit</span> <span class='ocrx_word' id='word_1_101' title='bbox 1154 1522 1215 1585; x_wconf 87' lang='lat' dir='ltr'>nisi</span> <span class='ocrx_word' id='word_1_102' title='bbox 1233 1515 1412 1606; x_wconf 77' lang='lat' dir='ltr'>per&#39;rcdios</span> <span class='ocrx_word' id='word_1_103' title='bbox 1425 1523 1480 1606; x_wconf 93' lang='lat' dir='ltr'>qui</span> <span class='ocrx_word' id='word_1_104' title='bbox 1501 1523 1537 1583; x_wconf 87' lang='lat' dir='ltr'>in</span> 
     </span>
     <span class='ocr_line' id='line_1_11' title="bbox 251 1627 1541 1719; baseline -0.002 -26"><span class='ocrx_word' id='word_1_105' title='bbox 251 1627 359 1693; x_wconf 88' lang='lat' dir='ltr'>oculos</span> <span class='ocrx_word' id='word_1_106' title='bbox 378 1630 566 1717; x_wconf 87' lang='lat' dir='ltr'>impingunt.</span> <span class='ocrx_word' id='word_1_107' title='bbox 611 1631 796 1717; x_wconf 89' lang='lat' dir='ltr'>Requiritur</span> <span class='ocrx_word' id='word_1_108' title='bbox 815 1632 914 1719; x_wconf 89' lang='lat' dir='ltr'>igitur</span> <span class='ocrx_word' id='word_1_109' title='bbox 925 1630 1056 1695; x_wconf 82' lang='lat' dir='ltr'>materia</span> <span class='ocrx_word' id='word_1_110' title='bbox 1069 1630 1175 1715; x_wconf 75' lang='lat' dir='ltr'>eliqua</span> <span class='ocrx_word' id='word_1_111' title='bbox 1187 1630 1349 1693; x_wconf 87' lang='lat' dir='ltr'>reflectens</span> <span class='ocrx_word' id='word_1_112' title='bbox 1362 1629 1396 1691; x_wconf 92' lang='lat' dir='ltr'>in</span> <span class='ocrx_word' id='word_1_113' title='bbox 1409 1630 1541 1715; x_wconf 80' lang='lat' dir='ltr'>regione</span> 
     </span>
     <span class='ocr_line' id='line_1_12' title="bbox 251 1733 1541 1820; baseline -0.001 -21"><span class='ocrx_word' id='word_1_114' title='bbox 251 1734 371 1813; x_wconf 83' lang='lat' dir='ltr'>csudoe,</span> <span class='ocrx_word' id='word_1_115' title='bbox 401 1757 442 1799; x_wconf 90' lang='lat' dir='ltr'>ne</span> <span class='ocrx_word' id='word_1_116' title='bbox 470 1735 585 1799; x_wconf 86' lang='lat' dir='ltr'>coelum</span> <span class='ocrx_word' id='word_1_117' title='bbox 609 1746 711 1801; x_wconf 85' lang='lat' dir='ltr'>totum</span> <span class='ocrx_word' id='word_1_118' title='bbox 735 1737 805 1801; x_wconf 91' lang='lat' dir='ltr'>luce</span> <span class='ocrx_word' id='word_1_119' title='bbox 832 1738 914 1802; x_wconf 89' lang='lat' dir='ltr'>Solis</span> <span class='ocrx_word' id='word_1_120' title='bbox 937 1737 1124 1801; x_wconf 86' lang='lat' dir='ltr'>illustratum</span> <span class='ocrx_word' id='word_1_121' title='bbox 1147 1733 1342 1799; x_wconf 73' lang='lat' dir='ltr'>uuifoimiter</span> <span class='ocrx_word' id='word_1_122' title='bbox 1363 1734 1541 1820; x_wconf 79' lang='lat' dir='ltr'>splendeat.</span> 
     </span>
     <span class='ocr_line' id='line_1_13' title="bbox 252 1840 1569 1927; baseline 0.002 -24"><span class='ocrx_word' id='word_1_123' title='bbox 252 1840 382 1925; x_wconf 40' lang='lat' dir='ltr'>Opinio,¹</span> <span class='ocrx_word' id='word_1_124' title='bbox 393 1841 531 1907; x_wconf 79' lang='lat' dir='ltr'>secunde</span> <span class='ocrx_word' id='word_1_125' title='bbox 544 1842 650 1907; x_wconf 87' lang='lat' dir='ltr'>multis</span> <span class='ocrx_word' id='word_1_126' title='bbox 672 1844 832 1926; x_wconf 87' lang='lat' dir='ltr'>premitur.</span> <span class='ocrx_word' id='word_1_127' title='bbox 843 1844 1083 1907; x_wconf 85' lang='lat' dir='ltr'>difficultatibus.</span> <span class='ocrx_word' id='word_1_128' title='bbox 1129 1842 1247 1907; x_wconf 62' lang='lat' dir='ltr'>&amp;udae</span> <span class='ocrx_word' id='word_1_129' title='bbox 1260 1861 1421 1927; x_wconf 85' lang='lat' dir='ltr'>nunquam</span> <span class='ocrx_word' id='word_1_130' title='bbox 1439 1842 1541 1905; x_wconf 81' lang='lat' dir='ltr'>varie·</span> <span class='ocrx_word' id='word_1_131' title='bbox 1560 1846 1569 1852; x_wconf 80' lang='grc'><strong>“</strong></span> 
     </span>
     <span class='ocr_line' id='line_1_14' title="bbox 249 1949 1542 2038; baseline 0.002 -24"><span class='ocrx_word' id='word_1_132' title='bbox 249 1949 562 2038; x_wconf 80' lang='lat' dir='ltr'>ganturcoloribus:</span> <span class='ocrx_word' id='word_1_133' title='bbox 585 1951 639 2037; x_wconf 90' lang='lat' dir='ltr'>qui</span> <span class='ocrx_word' id='word_1_134' title='bbox 660 1963 764 2017; x_wconf 86' lang='lat' dir='ltr'>tamen</span> <span class='ocrx_word' id='word_1_135' title='bbox 785 1951 1006 2017; x_wconf 80' lang='lat' dir='ltr'>refractiunum</span> <span class='ocrx_word' id='word_1_136' title='bbox 1028 1951 1131 2015; x_wconf 83' lang='lat' dir='ltr'>solent</span> <span class='ocrx_word' id='word_1_137' title='bbox 1143 1972 1211 2015; x_wconf 88' lang='lat' dir='ltr'>esse</span> <span class='ocrx_word' id='word_1_138' title='bbox 1231 1952 1360 2015; x_wconf 75' lang='lat' dir='ltr'>comites</span> <span class='ocrx_word' id='word_1_139' title='bbox 1379 1950 1542 2034; x_wconf 74' lang='lat' dir='ltr'>insepara-</span> 
     </span>
     <span class='ocr_line' id='line_1_15' title="bbox 248 2058 1541 2144; baseline 0.002 -21"><span class='ocrx_word' id='word_1_140' title='bbox 248 2059 337 2125; x_wconf 88' lang='lat' dir='ltr'>biles.</span> <span class='ocrx_word' id='word_1_141' title='bbox 381 2058 456 2123; x_wconf 86' lang='lat' dir='ltr'>Lux</span> <span class='ocrx_word' id='word_1_142' title='bbox 477 2059 614 2123; x_wconf 86' lang='lat' dir='ltr'>fixarum</span> <span class='ocrx_word' id='word_1_143' title='bbox 635 2071 668 2124; x_wconf 90' lang='lat' dir='ltr'>et</span> <span class='ocrx_word' id='word_1_144' title='bbox 686 2059 882 2144; x_wconf 82' lang='lat' dir='ltr'>planetarum</span> <span class='ocrx_word' id='word_1_145' title='bbox 904 2060 1049 2125; x_wconf 70' lang='lat' dir='ltr'>distincte</span> <span class='ocrx_word' id='word_1_146' title='bbox 1069 2060 1112 2123; x_wconf 91' lang='lat' dir='ltr'>ad</span> <span class='ocrx_word' id='word_1_147' title='bbox 1132 2082 1190 2123; x_wconf 88' lang='lat' dir='ltr'>nos</span> <span class='ocrx_word' id='word_1_148' title='bbox 1210 2061 1391 2124; x_wconf 84' lang='lat' dir='ltr'>transmissa</span> <span class='ocrx_word' id='word_1_149' title='bbox 1408 2060 1541 2125; x_wconf 86' lang='lat' dir='ltr'>demon·</span> 
     </span>
     <span class='ocr_line' id='line_1_16' title="bbox 150 2162 1542 2254; baseline 0 -21"><span class='ocrx_word' id='word_1_150' title='bbox 150 2170 153 2179; x_wconf 70' lang='lat'>‘</span> <span class='ocrx_word' id='word_1_151' title='bbox 250 2179 327 2234; x_wconf 84' lang='lat' dir='ltr'>strat</span> <span class='ocrx_word' id='word_1_152' title='bbox 341 2162 479 2233; x_wconf 79' lang='lat' dir='ltr'>m&#39;edium</span> <span class='ocrx_word' id='word_1_153' title='bbox 494 2169 620 2233; x_wconf 83' lang='lat' dir='ltr'>ooeleste</span> <span class='ocrx_word' id='word_1_154' title='bbox 634 2168 719 2233; x_wconf 77' lang='lat' dir='ltr'>nunt</span> <span class='ocrx_word' id='word_1_155' title='bbox 735 2169 765 2233; x_wconf 86' lang='lat' dir='ltr'>vi</span> <span class='ocrx_word' id='word_1_156' title='bbox 780 2168 941 2234; x_wconf 76' lang='lat' dir='ltr'>rebsotivd</span> <span class='ocrx_word' id='word_1_157' title='bbox 955 2169 1084 2253; x_wconf 86' lang='lat' dir='ltr'>pollere.</span> <span class='ocrx_word' id='word_1_158' title='bbox 1123 2169 1208 2233; x_wconf 83' lang='lat' dir='ltr'>Naar</span> <span class='ocrx_word' id='word_1_159' title='bbox 1221 2168 1306 2254; x_wconf 89' lang='lat' dir='ltr'>quod</span> <span class='ocrx_word' id='word_1_160' title='bbox 1319 2169 1443 2246; x_wconf 88' lang='lat' dir='ltr'>dieitur,</span> <span class='ocrx_word' id='word_1_161' title='bbox 1459 2170 1542 2233; x_wconf 86' lang='lat' dir='ltr'>fixas</span> 
     </span>
     <span class='ocr_line' id='line_1_17' title="bbox 252 2255 1542 2361; baseline 0 -22"><span class='ocrx_word' id='word_1_162' title='bbox 252 2274 293 2339; x_wconf 86' lang='lat' dir='ltr'>ub</span> <span class='ocrx_word' id='word_1_163' title='bbox 316 2274 477 2361; x_wconf 82' lang='lat' dir='ltr'>AEgyptiis</span> <span class='ocrx_word' id='word_1_164' title='bbox 502 2286 638 2339; x_wconf 82' lang='lat' dir='ltr'>cometas</span> <span class='ocrx_word' id='word_1_165' title='bbox 663 2255 889 2359; x_wconf 83' lang='lat' dir='ltr'>nonnunquam</span> <span class='ocrx_word' id='word_1_166' title='bbox 910 2274 991 2339; x_wconf 85' lang='lat' dir='ltr'>visas</span> <span class='ocrx_word' id='word_1_167' title='bbox 1011 2274 1116 2353; x_wconf 83' lang='lat' dir='ltr'>fuisse,</span> <span class='ocrx_word' id='word_1_168' title='bbox 1143 2275 1186 2351; x_wconf 85' lang='lat' dir='ltr'>id,</span> <span class='ocrx_word' id='word_1_169' title='bbox 1209 2275 1356 2360; x_wconf 83' lang='lat' dir='ltr'>quonism</span> <span class='ocrx_word' id='word_1_170' title='bbox 1381 2274 1542 2339; x_wconf 69' lang='lat' dir='ltr'>rarissime</span> 
     </span>
     <span class='ocr_line' id='line_1_18' title="bbox 156 2365 1539 2474; baseline 0.003 -29"><span class='ocrx_word' id='word_1_171' title='bbox 156 2466 160 2474; x_wconf 16' lang='grc' dir='ltr'><strong><em>φ</em></strong></span> <span class='ocrx_word' id='word_1_172' title='bbox 249 2382 411 2467; x_wconf 85' lang='lat' dir='ltr'>contingit,</span> <span class='ocrx_word' id='word_1_173' title='bbox 441 2365 685 2445; x_wconf 75' lang='lat' dir='ltr'>adscribendum</span> <span class='ocrx_word' id='word_1_174' title='bbox 721 2393 769 2446; x_wconf 89' lang='lat' dir='ltr'>est</span> <span class='ocrx_word' id='word_1_175' title='bbox 803 2384 934 2447; x_wconf 90' lang='lat' dir='ltr'>nubium</span> <span class='ocrx_word' id='word_1_176' title='bbox 962 2382 1141 2451; x_wconf 83' lang='lat' dir='ltr'>refractioni</span> <span class='ocrx_word' id='word_1_177' title='bbox 1170 2384 1317 2449; x_wconf 64' lang='lat' dir='ltr'>fortuitae.⁸</span> <span class='ocrx_word' id='word_1_178' title='bbox 1383 2384 1539 2450; x_wconf 83' lang='lat' dir='ltr'>Fixarum</span> 
     </span>
     <span class='ocr_line' id='line_1_19' title="bbox 251 2485 1542 2571; baseline 0.007 -22"><span class='ocrx_word' id='word_1_179' title='bbox 251 2507 376 2571; x_wconf 92' lang='lat' dir='ltr'>quoque</span> <span class='ocrx_word' id='word_1_180' title='bbox 400 2485 531 2551; x_wconf 85' lang='lat' dir='ltr'>radiatio</span> <span class='ocrx_word' id='word_1_181' title='bbox 556 2500 599 2565; x_wconf 50' lang='lat' dir='ltr'>et,</span> <span class='ocrx_word' id='word_1_182' title='bbox 612 2488 788 2553; x_wconf 78' lang='lat' dir='ltr'>scintillatio</span> <span class='ocrx_word' id='word_1_183' title='bbox 809 2489 851 2553; x_wconf 88' lang='lat' dir='ltr'>ad</span> <span class='ocrx_word' id='word_1_184' title='bbox 875 2489 1076 2555; x_wconf 84' lang='lat' dir='ltr'>refractioncs</span> <span class='ocrx_word' id='word_1_185' title='bbox 1100 2504 1168 2555; x_wconf 88' lang='lat' dir='ltr'>tum</span> <span class='ocrx_word' id='word_1_186' title='bbox 1186 2493 1349 2557; x_wconf 86' lang='lat' dir='ltr'>oculorum</span> <span class='ocrx_word' id='word_1_187' title='bbox 1369 2505 1438 2557; x_wconf 90' lang='lat' dir='ltr'>tum</span> <span class='ocrx_word' id='word_1_188' title='bbox 1458 2494 1542 2558; x_wconf 65' lang='lat' dir='ltr'>adsis</span> 
     </span>
     <span class='ocr_line' id='line_1_20' title="bbox 254 2591 1541 2683; baseline 0.005 -26"><span class='ocrx_word' id='word_1_189' title='bbox 254 2594 379 2658; x_wconf 84' lang='lat' dir='ltr'>tremuli</span> <span class='ocrx_word' id='word_1_190' title='bbox 394 2591 565 2657; x_wconf 82' lang='lat' dir='ltr'>relerendae</span> <span class='ocrx_word' id='word_1_191' title='bbox 579 2606 669 2659; x_wconf 84' lang='lat' dir='ltr'>sunt:</span> <span class='ocrx_word' id='word_1_192' title='bbox 685 2595 801 2681; x_wconf 89' lang='lat' dir='ltr'>quippe</span> <span class='ocrx_word' id='word_1_193' title='bbox 814 2618 887 2681; x_wconf 81' lang='lat' dir='ltr'>quae</span> <span class='ocrx_word' id='word_1_194' title='bbox 900 2596 1034 2661; x_wconf 71' lang='lat' dir='ltr'>admmb</span> <span class='ocrx_word' id='word_1_195' title='bbox 1048 2596 1141 2661; x_wconf 88' lang='lat' dir='ltr'>oculo</span> <span class='ocrx_word' id='word_1_196' title='bbox 1154 2598 1328 2683; x_wconf 84' lang='lat' dir='ltr'>telesoopiis</span> <span class='ocrx_word' id='word_1_197' title='bbox 1341 2611 1541 2665; x_wconf 81' lang='lat' dir='ltr'>evanescunt.</span> 
     </span>
     <span class='ocr_line' id='line_1_21' title="bbox 204 2702 1546 2801; baseline 0.006 -34"><span class='ocrx_word' id='word_1_198' title='bbox 204 2724 208 2731; x_wconf 83' lang='grc'>’</span> <span class='ocrx_word' id='word_1_199' title='bbox 250 2703 343 2767; x_wconf 74' lang='grc' dir='ltr'>Αὸι·ἰε</span> <span class='ocrx_word' id='word_1_200' title='bbox 367 2714 398 2767; x_wconf 89' lang='lat' dir='ltr'>et</span> <span class='ocrx_word' id='word_1_201' title='bbox 422 2702 657 2769; x_wconf 80' lang='lat' dir='ltr'>ascendentium</span> <span class='ocrx_word' id='word_1_202' title='bbox 678 2726 829 2801; x_wconf 65' lang='lat' dir='ltr'>naporum</span> <span class='ocrx_word' id='word_1_203' title='bbox 849 2718 985 2772; x_wconf 89' lang='lat' dir='ltr'>tremore</span> <span class='ocrx_word' id='word_1_204' title='bbox 1007 2709 1053 2786; x_wconf 79' lang='lat' dir='ltr'>fit,</span> <span class='ocrx_word' id='word_1_205' title='bbox 1076 2721 1112 2773; x_wconf 90' lang='lat' dir='ltr'>ut</span> <span class='ocrx_word' id='word_1_206' title='bbox 1131 2710 1212 2775; x_wconf 86' lang='lat' dir='ltr'>radii</span> <span class='ocrx_word' id='word_1_207' title='bbox 1233 2710 1323 2775; x_wconf 73' lang='lat' dir='ltr'>nette</span> <span class='ocrx_word' id='word_1_208' title='bbox 1344 2713 1386 2777; x_wconf 91' lang='lat' dir='ltr'>de</span> <span class='ocrx_word' id='word_1_209' title='bbox 1406 2724 1546 2800; x_wconf 83' lang='lat' dir='ltr'>augusto·</span> 
     </span>
     <span class='ocr_line' id='line_1_22' title="bbox 251 2811 1544 2906; baseline 0.006 -30"><span class='ocrx_word' id='word_1_210' title='bbox 251 2811 380 2896; x_wconf 81' lang='lat' dir='ltr'>pupillae</span> <span class='ocrx_word' id='word_1_211' title='bbox 402 2812 503 2896; x_wconf 88' lang='lat' dir='ltr'>spatio</span> <span class='ocrx_word' id='word_1_212' title='bbox 523 2833 580 2896; x_wconf 90' lang='lat' dir='ltr'>per</span> <span class='ocrx_word' id='word_1_213' title='bbox 603 2812 686 2878; x_wconf 87' lang='lat' dir='ltr'>vices</span> <span class='ocrx_word' id='word_1_214' title='bbox 712 2814 965 2901; x_wconf 76' lang='lat' dir='ltr'>detorqueantur,</span> <span class='ocrx_word' id='word_1_215' title='bbox 984 2816 1026 2882; x_wconf 86' lang='lat' dir='ltr'>de</span> <span class='ocrx_word' id='word_1_216' title='bbox 1049 2817 1160 2884; x_wconf 86' lang='lat' dir='ltr'>latiore</span> <span class='ocrx_word' id='word_1_217' title='bbox 1180 2831 1285 2884; x_wconf 83' lang='lat' dir='ltr'>autem</span> <span class='ocrx_word' id='word_1_218' title='bbox 1303 2816 1376 2885; x_wconf 65' lang='lat' dir='ltr'>&#39;vitri</span> <span class='ocrx_word' id='word_1_219' title='bbox 1396 2820 1544 2906; x_wconf 78' lang='lat' dir='ltr'>objeotini</span> 
     </span>
     <span class='ocr_line' id='line_1_23' title="bbox 251 2917 1558 3015; baseline 0.005 -32"><span class='ocrx_word' id='word_1_220' title='bbox 251 2917 398 3004; x_wconf 74' lang='lat' dir='ltr'>aperturi</span> <span class='ocrx_word' id='word_1_221' title='bbox 420 2920 611 3008; x_wconf 79' lang='lat' dir='ltr'>neutiquam.</span> <span class='ocrx_word' id='word_1_222' title='bbox 657 2921 737 2986; x_wconf 90' lang='lat' dir='ltr'>Inde</span> <span class='ocrx_word' id='word_1_223' title='bbox 751 2934 799 2987; x_wconf 89' lang='lat' dir='ltr'>est</span> <span class='ocrx_word' id='word_1_224' title='bbox 812 2923 898 3009; x_wconf 85' lang='lat' dir='ltr'>qubd</span> <span class='ocrx_word' id='word_1_225' title='bbox 913 2924 1089 2992; x_wconf 79' lang='lat' dir='ltr'>scintillatio</span> <span class='ocrx_word' id='word_1_226' title='bbox 1101 2927 1136 2989; x_wconf 92' lang='lat' dir='ltr'>in</span> <span class='ocrx_word' id='word_1_227' title='bbox 1152 2927 1249 3010; x_wconf 90' lang='lat' dir='ltr'>priori</span> <span class='ocrx_word' id='word_1_228' title='bbox 1269 2950 1343 2992; x_wconf 84' lang='lat' dir='ltr'>cusu</span> <span class='ocrx_word' id='word_1_229' title='bbox 1363 2940 1558 3015; x_wconf 87' lang='lat' dir='ltr'>generetur,.</span> 
     </span>
     <span class='ocr_line' id='line_1_24' title="bbox 250 3026 1544 3115; baseline 0.008 -27"><span class='ocrx_word' id='word_1_230' title='bbox 250 3027 282 3088; x_wconf 90' lang='lat' dir='ltr'>iu</span> <span class='ocrx_word' id='word_1_231' title='bbox 305 3026 476 3110; x_wconf 85' lang='lat' dir='ltr'>posteriore</span> <span class='ocrx_word' id='word_1_232' title='bbox 499 3037 604 3090; x_wconf 89' lang='lat' dir='ltr'>autem</span> <span class='ocrx_word' id='word_1_233' title='bbox 625 3040 742 3092; x_wconf 86' lang='lat' dir='ltr'>cesset:</span> <span class='ocrx_word' id='word_1_234' title='bbox 766 3043 799 3094; x_wconf 90' lang='lat' dir='ltr'>et</span> <span class='ocrx_word' id='word_1_235' title='bbox 812 3031 941 3096; x_wconf 87' lang='lat' dir='ltr'>cessatio</span> <span class='ocrx_word' id='word_1_236' title='bbox 956 3031 989 3094; x_wconf 92' lang='lat' dir='ltr'>in</span> <span class='ocrx_word' id='word_1_237' title='bbox 1003 3033 1175 3115; x_wconf 77' lang='lat' dir='ltr'>posteriore</span> <span class='ocrx_word' id='word_1_238' title='bbox 1189 3055 1264 3098; x_wconf 89' lang='lat' dir='ltr'>casu</span> <span class='ocrx_word' id='word_1_239' title='bbox 1277 3034 1472 3100; x_wconf 86' lang='lat' dir='ltr'>demonstrat</span> <span class='ocrx_word' id='word_1_240' title='bbox 1491 3056 1544 3098; x_wconf 89' lang='lat' dir='ltr'>re·</span> 
     </span>
     <span class='ocr_line' id='line_1_25' title="bbox 249 3135 1541 3224; baseline 0.005 -26"><span class='ocrx_word' id='word_1_241' title='bbox 249 3135 390 3222; x_wconf 87' lang='lat' dir='ltr'>gularem</span> <span class='ocrx_word' id='word_1_242' title='bbox 412 3135 677 3200; x_wconf 81' lang='lat' dir='ltr'>transmissionem</span> <span class='ocrx_word' id='word_1_243' title='bbox 698 3137 776 3202; x_wconf 91' lang='lat' dir='ltr'>lucis</span> <span class='ocrx_word' id='word_1_244' title='bbox 797 3161 856 3224; x_wconf 86' lang='lat' dir='ltr'>per</span> <span class='ocrx_word' id='word_1_245' title='bbox 876 3139 973 3204; x_wconf 88' lang='lat' dir='ltr'>coelos</span> <span class='ocrx_word' id='word_1_246' title='bbox 994 3140 1062 3204; x_wconf 87' lang='lat' dir='ltr'>siue</span> <span class='ocrx_word' id='word_1_247' title='bbox 1082 3142 1169 3205; x_wconf 89' lang='lat' dir='ltr'>omui</span> <span class='ocrx_word' id='word_1_248' title='bbox 1190 3142 1376 3207; x_wconf 85' lang='lat' dir='ltr'>refractione</span> <span class='ocrx_word' id='word_1_249' title='bbox 1390 3141 1541 3206; x_wconf 89' lang='lat' dir='ltr'>sensibili.</span> 
     </span>
     <span class='ocr_line' id='line_1_26' title="bbox 250 3242 1542 3342; baseline 0.003 -34"><span class='ocrx_word' id='word_1_250' title='bbox 250 3243 300 3308; x_wconf 90' lang='lat' dir='ltr'>Ne</span> <span class='ocrx_word' id='word_1_251' title='bbox 319 3242 387 3326; x_wconf 92' lang='lat' dir='ltr'>quis</span> <span class='ocrx_word' id='word_1_252' title='bbox 396 3248 564 3312; x_wconf 84' lang='lat' dir='ltr'>contendat</span> <span class='ocrx_word' id='word_1_253' title='bbox 578 3247 664 3333; x_wconf 92' lang='lat' dir='ltr'>quod</span> <span class='ocrx_word' id='word_1_254' title='bbox 685 3247 794 3342; x_wconf 67' lang='lat' dir='ltr'>caudae</span> <span class='ocrx_word' id='word_1_255' title='bbox 809 3271 875 3312; x_wconf 89' lang='lat' dir='ltr'>non</span> <span class='ocrx_word' id='word_1_256' title='bbox 888 3249 1007 3314; x_wconf 79' lang='lat' dir='ltr'>soleant</span> <span class='ocrx_word' id='word_1_257' title='bbox 1019 3250 1120 3315; x_wconf 83' lang='lat' dir='ltr'>videri</span> <span class='ocrx_word' id='word_1_258' title='bbox 1139 3252 1174 3314; x_wconf 91' lang='lat' dir='ltr'>in</span> <span class='ocrx_word' id='word_1_259' title='bbox 1188 3252 1327 3329; x_wconf 90' lang='lat' dir='ltr'>cometis,</span> <span class='ocrx_word' id='word_1_260' title='bbox 1343 3250 1416 3316; x_wconf 79' lang='lat' dir='ltr'>crim</span> <span class='ocrx_word' id='word_1_261' title='bbox 1430 3272 1542 3314; x_wconf 91' lang='lat' dir='ltr'>eorum</span> 
     </span>
     <span class='ocr_line' id='line_1_27' title="bbox 248 3355 1543 3442; baseline 0.001 -22"><span class='ocrx_word' id='word_1_262' title='bbox 248 3357 305 3420; x_wconf 90' lang='lat' dir='ltr'>lux</span> <span class='ocrx_word' id='word_1_263' title='bbox 321 3373 384 3418; x_wconf 93' lang='lat' dir='ltr'>non</span> <span class='ocrx_word' id='word_1_264' title='bbox 399 3368 446 3420; x_wconf 89' lang='lat' dir='ltr'>est</span> <span class='ocrx_word' id='word_1_265' title='bbox 460 3357 534 3420; x_wconf 88' lang='lat' dir='ltr'>satis</span> <span class='ocrx_word' id='word_1_266' title='bbox 549 3355 650 3434; x_wconf 87' lang='lat' dir='ltr'>sortis,</span> <span class='ocrx_word' id='word_1_267' title='bbox 668 3358 741 3442; x_wconf 86' lang='lat' dir='ltr'>quia</span> <span class='ocrx_word' id='word_1_268' title='bbox 755 3369 830 3422; x_wconf 86' lang='lat' dir='ltr'>tunc</span> <span class='ocrx_word' id='word_1_269' title='bbox 844 3358 925 3424; x_wconf 86' lang='lat' dir='ltr'>radii</span> <span class='ocrx_word' id='word_1_270' title='bbox 939 3359 1115 3424; x_wconf 88' lang='lat' dir='ltr'>secundarii</span> <span class='ocrx_word' id='word_1_271' title='bbox 1128 3381 1193 3424; x_wconf 91' lang='lat' dir='ltr'>non</span> <span class='ocrx_word' id='word_1_272' title='bbox 1207 3360 1325 3424; x_wconf 89' lang='lat' dir='ltr'>habeut</span> <span class='ocrx_word' id='word_1_273' title='bbox 1338 3360 1413 3424; x_wconf 83' lang='lat' dir='ltr'>satis</span> <span class='ocrx_word' id='word_1_274' title='bbox 1427 3359 1543 3422; x_wconf 88' lang='lat' dir='ltr'>virium</span> 
     </span>
     <span class='ocr_line' id='line_1_28' title="bbox 249 3457 1542 3549; baseline 0.005 -29"><span class='ocrx_word' id='word_1_275' title='bbox 249 3457 290 3520; x_wconf 86' lang='lat' dir='ltr'>ad</span> <span class='ocrx_word' id='word_1_276' title='bbox 304 3459 411 3523; x_wconf 90' lang='lat' dir='ltr'>oculos</span> <span class='ocrx_word' id='word_1_277' title='bbox 425 3462 606 3540; x_wconf 86' lang='lat' dir='ltr'>movendos,</span> <span class='ocrx_word' id='word_1_278' title='bbox 623 3475 654 3527; x_wconf 89' lang='lat' dir='ltr'>et</span> <span class='ocrx_word' id='word_1_279' title='bbox 670 3476 838 3548; x_wconf 88' lang='lat' dir='ltr'>propterea</span> <span class='ocrx_word' id='word_1_280' title='bbox 853 3465 968 3536; x_wconf 85' lang='lat' dir='ltr'>caudas</span> <span class='ocrx_word' id='word_1_281' title='bbox 979 3466 1115 3530; x_wconf 85' lang='lat' dir='ltr'>lixarum</span> <span class='ocrx_word' id='word_1_282' title='bbox 1125 3487 1189 3529; x_wconf 90' lang='lat' dir='ltr'>nou</span> <span class='ocrx_word' id='word_1_283' title='bbox 1201 3465 1305 3530; x_wconf 85' lang='lat' dir='ltr'>cerni:</span> <span class='ocrx_word' id='word_1_284' title='bbox 1321 3464 1368 3549; x_wconf 52' lang='grc' dir='ltr'>(ω)</span> <span class='ocrx_word' id='word_1_285' title='bbox 1379 3463 1542 3528; x_wconf 86' lang='lat' dir='ltr'>sciendum</span> 
     </span>
     <span class='ocr_line' id='line_1_29' title="bbox 250 3572 1542 3663; baseline 0.004 -31"><span class='ocrx_word' id='word_1_286' title='bbox 250 3581 297 3634; x_wconf 91' lang='lat' dir='ltr'>est</span> <span class='ocrx_word' id='word_1_287' title='bbox 311 3573 396 3656; x_wconf 93' lang='lat' dir='ltr'>quod</span> <span class='ocrx_word' id='word_1_288' title='bbox 411 3572 467 3635; x_wconf 89' lang='lat' dir='ltr'>lux</span> <span class='ocrx_word' id='word_1_289' title='bbox 481 3573 616 3636; x_wconf 84' lang='lat' dir='ltr'>fixarum</span> <span class='ocrx_word' id='word_1_290' title='bbox 630 3575 701 3658; x_wconf 91' lang='lat' dir='ltr'>plus</span> <span class='ocrx_word' id='word_1_291' title='bbox 716 3587 841 3640; x_wconf 89' lang='lat' dir='ltr'>centum</span> <span class='ocrx_word' id='word_1_292' title='bbox 856 3577 975 3641; x_wconf 85' lang='lat' dir='ltr'>vicibus</span> <span class='ocrx_word' id='word_1_293' title='bbox 989 3577 1096 3663; x_wconf 80' lang='lat' dir='ltr'>augeri</span> <span class='ocrx_word' id='word_1_294' title='bbox 1111 3587 1213 3660; x_wconf 93' lang='lat' dir='ltr'>potest</span> <span class='ocrx_word' id='word_1_295' title='bbox 1226 3575 1434 3639; x_wconf 88' lang='lat' dir='ltr'>mediantibus</span> <span class='ocrx_word' id='word_1_296' title='bbox 1448 3573 1542 3637; x_wconf 89' lang='lat' dir='ltr'>teles-</span> 
     </span>
     <span class='ocr_line' id='line_1_30' title="bbox 249 3677 1571 3768; baseline 0.003 -29"><span class='ocrx_word' id='word_1_297' title='bbox 249 3677 358 3761; x_wconf 81' lang='lat' dir='ltr'>copiis,</span> <span class='ocrx_word' id='word_1_298' title='bbox 381 3699 439 3742; x_wconf 85' lang='lat' dir='ltr'>nec</span> <span class='ocrx_word' id='word_1_299' title='bbox 462 3693 566 3744; x_wconf 86' lang='lat' dir='ltr'>tamen</span> <span class='ocrx_word' id='word_1_300' title='bbox 588 3681 696 3744; x_wconf 87' lang='lat' dir='ltr'>caudae</span> <span class='ocrx_word' id='word_1_301' title='bbox 719 3694 899 3748; x_wconf 86' lang='lat' dir='ltr'>cernuntur.</span> <span class='ocrx_word' id='word_1_302' title='bbox 943 3683 1145 3748; x_wconf 78' lang='lat' dir='ltr'>Plancturum</span> <span class='ocrx_word' id='word_1_303' title='bbox 1166 3705 1290 3768; x_wconf 89' lang='lat' dir='ltr'>quoque</span> <span class='ocrx_word' id='word_1_304' title='bbox 1310 3683 1366 3746; x_wconf 83' lang='lat' dir='ltr'>lux</span> <span class='ocrx_word' id='word_1_305' title='bbox 1385 3680 1543 3766; x_wconf 88' lang='lat' dir='ltr'>copiosior</span> <span class='ocrx_word' id='word_1_306' title='bbox 1565 3725 1571 3736; x_wconf 85' lang='lat'><strong><em>.</em></strong></span> 
     </span>
     <span class='ocr_line' id='line_1_31' title="bbox 190 3782 1542 3879; baseline 0.002 -34"><span class='ocrx_word' id='word_1_307' title='bbox 190 3827 194 3836; x_wconf 80' lang='lat'><em>·</em></span> <span class='ocrx_word' id='word_1_308' title='bbox 224 3784 228 3803; x_wconf 82' lang='lat'><em>&#39;</em></span> <span class='ocrx_word' id='word_1_309' title='bbox 249 3794 313 3876; x_wconf 69' lang='lat' dir='ltr'>est,¹</span> <span class='ocrx_word' id='word_1_310' title='bbox 331 3784 439 3847; x_wconf 85' lang='lat' dir='ltr'>ceudae</span> <span class='ocrx_word' id='word_1_311' title='bbox 460 3783 535 3850; x_wconf 82' lang='lat' dir='ltr'>verb</span> <span class='ocrx_word' id='word_1_312' title='bbox 557 3785 671 3850; x_wconf 88' lang='lat' dir='ltr'>nullae:</span> <span class='ocrx_word' id='word_1_313' title='bbox 695 3801 824 3852; x_wconf 75' lang='lat' dir='ltr'>cometae</span> <span class='ocrx_word' id='word_1_314' title='bbox 839 3801 945 3853; x_wconf 90' lang='lat' dir='ltr'>autem</span> <span class='ocrx_word' id='word_1_315' title='bbox 960 3811 1044 3872; x_wconf 87' lang='lat' dir='ltr'>saepe</span> <span class='ocrx_word' id='word_1_316' title='bbox 1059 3787 1269 3852; x_wconf 87' lang='lat' dir='ltr'>caudatissimi</span> <span class='ocrx_word' id='word_1_317' title='bbox 1282 3799 1365 3864; x_wconf 82' lang='lat' dir='ltr'>sunt,</span> <span class='ocrx_word' id='word_1_318' title='bbox 1387 3782 1442 3850; x_wconf 89' lang='lat' dir='ltr'>ubi</span> <span class='ocrx_word' id='word_1_319' title='bbox 1456 3786 1542 3879; x_wconf 57' lang='lat' dir='ltr'>capif</span> 
     </span>
     <span class='ocr_line' id='line_1_32' title="bbox 249 3893 1542 3973; baseline 0.002 -17"><span class='ocrx_word' id='word_1_320' title='bbox 249 3905 316 3957; x_wconf 93' lang='lat' dir='ltr'>tum</span> <span class='ocrx_word' id='word_1_321' title='bbox 338 3893 394 3958; x_wconf 87' lang='lat' dir='ltr'>lux</span> <span class='ocrx_word' id='word_1_322' title='bbox 416 3895 517 3959; x_wconf 90' lang='lat' dir='ltr'>tenuis</span> <span class='ocrx_word' id='word_1_323' title='bbox 539 3909 586 3960; x_wconf 87' lang='lat' dir='ltr'>est</span> <span class='ocrx_word' id='word_1_324' title='bbox 606 3909 638 3962; x_wconf 89' lang='lat' dir='ltr'>et</span> <span class='ocrx_word' id='word_1_325' title='bbox 658 3898 748 3962; x_wconf 85' lang='lat' dir='ltr'>valde</span> <span class='ocrx_word' id='word_1_326' title='bbox 763 3900 883 3963; x_wconf 90' lang='lat' dir='ltr'>obtusa.</span> <span class='ocrx_word' id='word_1_327' title='bbox 930 3900 981 3963; x_wconf 89' lang='lat' dir='ltr'>Sic</span> <span class='ocrx_word' id='word_1_328' title='bbox 995 3899 1079 3961; x_wconf 88' lang='lat' dir='ltr'>enim</span> <span class='ocrx_word' id='word_1_329' title='bbox 1095 3909 1216 3961; x_wconf 89' lang='lat' dir='ltr'>cometa</span> <span class='ocrx_word' id='word_1_330' title='bbox 1230 3899 1304 3960; x_wconf 90' lang='lat' dir='ltr'>anni</span> <span class='ocrx_word' id='word_1_331' title='bbox 1322 3906 1416 3973; x_wconf 82' lang='lat'><strong>1680,</strong></span> <span class='ocrx_word' id='word_1_332' title='bbox 1432 3917 1542 3958; x_wconf 89' lang='lat' dir='ltr'>mense</span> 
     </span>
     <span class='ocr_line' id='line_1_33' title="bbox 253 4000 1542 4092; baseline 0.004 -28"><span class='ocrx_word' id='word_1_333' title='bbox 253 4000 435 4080; x_wconf 86' lang='lat' dir='ltr'>Decembri,</span> <span class='ocrx_word' id='word_1_334' title='bbox 457 4027 521 4089; x_wconf 92' lang='lat' dir='ltr'>quo</span> <span class='ocrx_word' id='word_1_335' title='bbox 535 4017 675 4090; x_wconf 89' lang='lat' dir='ltr'>tempore</span> <span class='ocrx_word' id='word_1_336' title='bbox 690 4019 784 4092; x_wconf 85' lang='lat' dir='ltr'>caput</span> <span class='ocrx_word' id='word_1_337' title='bbox 796 4008 866 4071; x_wconf 87' lang='lat' dir='ltr'>luce</span> <span class='ocrx_word' id='word_1_338' title='bbox 881 4005 935 4070; x_wconf 77' lang='lat' dir='ltr'>sud</span> <span class='ocrx_word' id='word_1_339' title='bbox 950 4008 1004 4070; x_wconf 81' lang='lat' dir='ltr'>vix</span> <span class='ocrx_word' id='word_1_340' title='bbox 1018 4006 1162 4092; x_wconf 81' lang='lat' dir='ltr'>aequabat</span> <span class='ocrx_word' id='word_1_341' title='bbox 1176 4007 1279 4070; x_wconf 86' lang='lat' dir='ltr'>stellas</span> <span class='ocrx_word' id='word_1_342' title='bbox 1293 4005 1440 4070; x_wconf 74' lang='lat' dir='ltr'>secundae</span> <span class='ocrx_word' id='word_1_343' title='bbox 1451 4026 1542 4090; x_wconf 78' lang='lat' dir='ltr'>meg·</span> 
     </span>
     <span class='ocr_line' id='line_1_34' title="bbox 249 4109 1540 4205; baseline 0.008 -34"><span class='ocrx_word' id='word_1_344' title='bbox 249 4109 407 4191; x_wconf 91' lang='lat' dir='ltr'>nitudinis‚</span> <span class='ocrx_word' id='word_1_345' title='bbox 424 4114 556 4178; x_wconf 89' lang='lat' dir='ltr'>caudam</span> <span class='ocrx_word' id='word_1_346' title='bbox 569 4117 729 4182; x_wconf 84' lang='lat' dir='ltr'>emittebat</span> <span class='ocrx_word' id='word_1_347' title='bbox 744 4111 909 4203; x_wconf 88' lang='lat' dir='ltr'>splendore</span> <span class='ocrx_word' id='word_1_348' title='bbox 923 4117 1053 4183; x_wconf 78' lang='lat' dir='ltr'>notabili</span> <span class='ocrx_word' id='word_1_349' title='bbox 1067 4142 1165 4204; x_wconf 90' lang='lat' dir='ltr'>usque</span> <span class='ocrx_word' id='word_1_350' title='bbox 1180 4118 1222 4182; x_wconf 85' lang='lat' dir='ltr'>sd</span> <span class='ocrx_word' id='word_1_351' title='bbox 1234 4119 1350 4205; x_wconf 77' lang='lat' dir='ltr'>gradm</span> <span class='ocrx_word' id='word_1_352' title='bbox 1364 4128 1418 4195; x_wconf 84' lang='lat'>40,</span> <span class='ocrx_word' id='word_1_353' title='bbox 1429 4109 1482 4194; x_wconf 83' lang='grc'>50,</span> <span class='ocrx_word' id='word_1_354' title='bbox 1496 4127 1540 4182; x_wconf 88' lang='grc'>60</span> 
     </span>
     <span class='ocr_line' id='line_1_35' title="bbox 249 4216 1542 4311; baseline -0.001 -25"><span class='ocrx_word' id='word_1_355' title='bbox 249 4216 299 4278; x_wconf 77' lang='lat' dir='ltr'>vel</span> <span class='ocrx_word' id='word_1_356' title='bbox 314 4225 354 4286; x_wconf 89' lang='lat'>70</span> <span class='ocrx_word' id='word_1_357' title='bbox 370 4221 573 4309; x_wconf 86' lang='lat' dir='ltr'>longitudinis</span> <span class='ocrx_word' id='word_1_358' title='bbox 589 4236 620 4287; x_wconf 90' lang='lat' dir='ltr'>et</span> <span class='ocrx_word' id='word_1_359' title='bbox 634 4222 732 4288; x_wconf 73' lang='lat' dir='ltr'>ultra:</span> <span class='ocrx_word' id='word_1_360' title='bbox 755 4238 865 4310; x_wconf 90' lang='lat' dir='ltr'>postea</span> <span class='ocrx_word' id='word_1_361' title='bbox 879 4227 949 4290; x_wconf 80' lang='lat' dir='ltr'>Jan.</span> <span class='ocrx_word' id='word_1_362' title='bbox 967 4233 1007 4294; x_wconf 74' lang='lat'>27</span> <span class='ocrx_word' id='word_1_363' title='bbox 1021 4238 1052 4289; x_wconf 92' lang='lat' dir='ltr'>et</span> <span class='ocrx_word' id='word_1_364' title='bbox 1066 4233 1106 4289; x_wconf 72' lang='lat'>28</span> <span class='ocrx_word' id='word_1_365' title='bbox 1120 4237 1214 4309; x_wconf 87' lang='lat' dir='ltr'>caput</span> <span class='ocrx_word' id='word_1_366' title='bbox 1225 4226 1395 4311; x_wconf 89' lang='lat' dir='ltr'>apparebat</span> <span class='ocrx_word' id='word_1_367' title='bbox 1404 4236 1440 4288; x_wconf 92' lang='lat' dir='ltr'>ut</span> <span class='ocrx_word' id='word_1_368' title='bbox 1450 4223 1542 4288; x_wconf 86' lang='lat' dir='ltr'>stella</span> 
     </span>
     <span class='ocr_line' id='line_1_36' title="bbox 235 4323 1540 4416; baseline 0.006 -33"><span class='ocrx_word' id='word_1_369' title='bbox 235 4329 237 4332; x_wconf 79' lang='grc'><strong>’</strong></span> <span class='ocrx_word' id='word_1_370' title='bbox 251 4323 390 4404; x_wconf 79' lang='lat' dir='ltr'>septimae</span> <span class='ocrx_word' id='word_1_371' title='bbox 406 4339 527 4392; x_wconf 83' lang='lat' dir='ltr'>tantum</span> <span class='ocrx_word' id='word_1_372' title='bbox 542 4331 775 4416; x_wconf 88' lang='lat' dir='ltr'>magnitudinis,</span> <span class='ocrx_word' id='word_1_373' title='bbox 800 4333 900 4396; x_wconf 83' lang='lat' dir='ltr'>cauda</span> <span class='ocrx_word' id='word_1_374' title='bbox 921 4331 996 4396; x_wconf 86' lang='lat' dir='ltr'>verb</span> <span class='ocrx_word' id='word_1_375' title='bbox 1010 4333 1081 4396; x_wconf 89' lang='lat' dir='ltr'>luce</span> <span class='ocrx_word' id='word_1_376' title='bbox 1096 4331 1222 4416; x_wconf 90' lang='lat' dir='ltr'>quidem</span> <span class='ocrx_word' id='word_1_377' title='bbox 1235 4331 1449 4416; x_wconf 82' lang='lat' dir='ltr'>pertenuised</span> <span class='ocrx_word' id='word_1_378' title='bbox 1464 4330 1540 4394; x_wconf 88' lang='lat' dir='ltr'>satis</span> 
     </span>
     <span class='ocr_line' id='line_1_37' title="bbox 253 4429 1538 4525; baseline 0.007 -36"><span class='ocrx_word' id='word_1_379' title='bbox 253 4429 390 4492; x_wconf 88' lang='lat' dir='ltr'>sensibili</span> <span class='ocrx_word' id='word_1_380' title='bbox 404 4433 498 4521; x_wconf 90' lang='lat' dir='ltr'>longa</span> <span class='ocrx_word' id='word_1_381' title='bbox 519 4448 586 4501; x_wconf 87' lang='lat' dir='ltr'>erat</span> <span class='ocrx_word' id='word_1_382' title='bbox 600 4446 630 4502; x_wconf 90' lang='lat'>6.</span> <span class='ocrx_word' id='word_1_383' title='bbox 647 4437 697 4502; x_wconf 88' lang='lat' dir='ltr'>vel</span> <span class='ocrx_word' id='word_1_384' title='bbox 712 4443 742 4506; x_wconf 85' lang='lat'>7.</span> <span class='ocrx_word' id='word_1_385' title='bbox 758 4437 886 4525; x_wconf 83' lang='lat' dir='ltr'>gradus,</span> <span class='ocrx_word' id='word_1_386' title='bbox 902 4451 934 4502; x_wconf 92' lang='lat' dir='ltr'>et</span> <span class='ocrx_word' id='word_1_387' title='bbox 947 4439 1017 4502; x_wconf 84' lang='lat' dir='ltr'>luce</span> <span class='ocrx_word' id='word_1_388' title='bbox 1033 4437 1268 4514; x_wconf 80' lang='lat' dir='ltr'>obscurissimai3</span> <span class='ocrx_word' id='word_1_389' title='bbox 1293 4459 1364 4523; x_wconf 86' lang='lat' dir='ltr'>quae</span> <span class='ocrx_word' id='word_1_390' title='bbox 1379 4437 1466 4502; x_wconf 89' lang='lat' dir='ltr'>cerni</span> <span class='ocrx_word' id='word_1_391' title='bbox 1487 4436 1538 4498; x_wconf 85' lang='lat' dir='ltr'>vix</span> 
     </span>
    </p>

    <p class='ocr_par' dir='ltr' id='par_1_3' title="bbox 250 4568 1538 4728">
     <span class='ocr_line' id='line_1_38' title="bbox 282 4568 1538 4663; baseline 0.002 -20"><span class='ocrx_word' id='word_1_392' title='bbox 282 4594 323 4657; x_wconf 59' lang='grc' dir='ltr'>μ’)</span> <span class='ocrx_word' id='word_1_393' title='bbox 339 4568 492 4656; x_wconf 52' lang='lat' dir='ltr'>summm</span> <span class='ocrx_word' id='word_1_394' title='bbox 503 4607 542 4647; x_wconf 66' lang='lat' dir='ltr'>eo.</span> <span class='ocrx_word' id='word_1_395' title='bbox 579 4602 614 4648; x_wconf 74' lang='lat' dir='ltr'>ut</span> <span class='ocrx_word' id='word_1_396' title='bbox 629 4611 712 4650; x_wconf 75' lang='lat' dir='ltr'>notum</span> <span class='ocrx_word' id='word_1_397' title='bbox 723 4612 796 4652; x_wconf 65' lang='lat' dir='ltr'>estex</span> <span class='ocrx_word' id='word_1_398' title='bbox 808 4604 876 4651; x_wconf 70' lang='lat' dir='ltr'>eres.</span> <span class='ocrx_word' id='word_1_399' title='bbox 907 4602 1002 4651; x_wconf 69' lang='lat' dir='ltr'>neom</span> <span class='ocrx_word' id='word_1_400' title='bbox 1019 4602 1167 4651; x_wconf 64' lang='lat' dir='ltr'>stennone</span> <span class='ocrx_word' id='word_1_401' title='bbox 1184 4612 1210 4650; x_wconf 72' lang='lat' dir='ltr'>o</span> <span class='ocrx_word' id='word_1_402' title='bbox 1225 4601 1401 4663; x_wconf 64' lang='lat' dir='ltr'>menapiorum</span> <span class='ocrx_word' id='word_1_403' title='bbox 1420 4599 1538 4647; x_wconf 66' lang='lat' dir='ltr'>nemeen</span> 
     </span>
     <span class='ocr_line' id='line_1_39' title="bbox 250 4659 1537 4728; baseline 0.017 -24"><span class='ocrx_word' id='word_1_404' title='bbox 250 4659 369 4718; x_wconf 88' lang='lat' dir='ltr'>copiorum</span> <span class='ocrx_word' id='word_1_405' title='bbox 381 4661 468 4708; x_wconf 68' lang='lat' dir='ltr'>theoriis</span> <span class='ocrx_word' id='word_1_406' title='bbox 478 4663 628 4720; x_wconf 79' lang='lat' dir='ltr'>cpudomues</span> <span class='ocrx_word' id='word_1_407' title='bbox 639 4667 723 4725; x_wconf 72' lang='lat' dir='ltr'>passim</span> <span class='ocrx_word' id='word_1_408' title='bbox 729 4682 807 4715; x_wconf 86' lang='lat' dir='ltr'>rerum</span> <span class='ocrx_word' id='word_1_409' title='bbox 816 4669 876 4728; x_wconf 80' lang='lat' dir='ltr'>opti·</span> <span class='ocrx_word' id='word_1_410' title='bbox 908 4667 972 4714; x_wconf 85' lang='lat' dir='ltr'>dedit</span> <span class='ocrx_word' id='word_1_411' title='bbox 985 4667 1071 4716; x_wconf 68' lang='lat' dir='ltr'>clariss.</span> <span class='ocrx_word' id='word_1_412' title='bbox 1081 4667 1299 4716; x_wconf 73' lang='lat' dir='ltr'>vtrnoteesnnh</span> <span class='ocrx_word' id='word_1_413' title='bbox 1314 4666 1339 4713; x_wconf 86' lang='lat' dir='ltr'>in</span> <span class='ocrx_word' id='word_1_414' title='bbox 1355 4665 1441 4713; x_wconf 74' lang='lat' dir='ltr'>eximio</span> <span class='ocrx_word' id='word_1_415' title='bbox 1458 4664 1537 4725; x_wconf 63' lang='lat' dir='ltr'>0th</span> 
     </span>
    </p>
   </div>
   <div class='ocr_carea' id='block_1_3' title="bbox 249 4725 1004 4853">
    <p class='ocr_par' dir='ltr' id='par_1_4' title="bbox 249 4725 1004 4853">
     <span class='ocr_line' id='line_1_40' title="bbox 249 4725 1004 4792; baseline 0.015 -24"><span class='ocrx_word' id='word_1_416' title='bbox 249 4735 363 4772; x_wconf 75' lang='lat' dir='ltr'>estuaret</span> <span class='ocrx_word' id='word_1_417' title='bbox 375 4725 552 4785; x_wconf 81' lang='lat' dir='ltr'>catoptricarum</span> <span class='ocrx_word' id='word_1_418' title='bbox 563 4727 689 4787; x_wconf 84' lang='lat' dir='ltr'>scriptores.</span> <span class='ocrx_word' id='word_1_419' title='bbox 710 4730 877 4792; x_wconf 84' lang='lat' dir='ltr'>Sedespotis-</span> <span class='ocrx_word' id='word_1_420' title='bbox 911 4731 1004 4792; x_wconf 81' lang='lat' dir='ltr'>Optico.</span> 
     </span>
     <span class='ocr_line' id='line_1_41' title="bbox 250 4785 966 4853; baseline 0.017 -23"><span class='ocrx_word' id='word_1_421' title='bbox 250 4785 334 4834; x_wconf 87' lang='lat' dir='ltr'>simum</span> <span class='ocrx_word' id='word_1_422' title='bbox 351 4789 399 4852; x_wconf 87' lang='lat' dir='ltr'>legi</span> <span class='ocrx_word' id='word_1_423' title='bbox 414 4799 533 4836; x_wconf 85' lang='lat' dir='ltr'>merentur</span> <span class='ocrx_word' id='word_1_424' title='bbox 547 4805 600 4852; x_wconf 83' lang='lat' dir='ltr'>quae</span> <span class='ocrx_word' id='word_1_425' title='bbox 616 4791 645 4838; x_wconf 94' lang='lat' dir='ltr'>de</span> <span class='ocrx_word' id='word_1_426' title='bbox 661 4792 719 4840; x_wconf 85' lang='lat' dir='ltr'>lueis</span> <span class='ocrx_word' id='word_1_427' title='bbox 735 4794 874 4853; x_wconf 69' lang='lat' dir='ltr'>intensum,</span> <span class='ocrx_word' id='word_1_428' title='bbox 962 4835 966 4842; x_wconf 87' lang='lat'>.</span> 
     </span>
    </p>
   </div>
   <div class='ocr_carea' id='block_1_4' title="bbox 0 0 1700 5675">
    <p class='ocr_par' dir='ltr' id='par_1_5' title="bbox 0 0 1700 5675">
     <span class='ocr_line' id='line_1_42' title="bbox 0 0 1700 5675; baseline 0 0"><span class='ocrx_word' id='word_1_429' title='bbox 0 0 1700 5675; x_wconf 95' lang='lat' dir='ltr'> </span> 
     </span>
    </p>
   </div>
  </div>
 </body>
</html>
