3392 5675
237 494 305 557 2oe
538 484 880 555 PHILOSOPHIAE
901 483 1175 554 NATURALIS
1205 486 1278 567 [Ds
1290 486 1415 553 Munn.
1427 489 1521 555 Susr.

280 656 348 725 Hic
368 638 472 725 omnia
493 660 575 747 regit
595 682 661 723 non
681 671 718 725 ut
738 659 843 725 anima
855 658 976 737 mundi,
998 659 1054 724 sed
1075 672 1112 724 ut
1131 659 1350 727 universorum
1364 661 1521 727 dominus.

241 766 285 833 Et
307 782 437 854 propter
461 769 634 835 dominium
657 790 759 847 suum,
785 768 932 835 dominns
956 768 1034 833 deus
1059 768 1107 853 (³)
1132 754 1331 853 nmqsmg'
1344 770 1408 833 dici
1431 772 1520 835 solet.

237 873 323 941 Nam
343 874 420 941 deus
441 887 490 941 est
509 896 573 941 vox
586 874 715 941 relativa
727 886 759 940 st
774 874 816 939 sd
829 896 936 939 servos
948 874 1101 939 refertur:
1122 887 1154 939 et
1175 874 1273 939 deitas
1288 889 1336 941 est
1349 876 1521 943 dominatio

235 982 299 1060 dei,
314 1004 379 1047 non
392 983 427 1047 in
440 1004 554 1068 corpus
570 981 743 1067 proprium,
765 980 813 1047 uti
833 980 973 1047 sentiunt
986 981 1099 1067 quibus
1112 980 1191 1045 dem
1205 993 1254 1047 est
1274 982 1379 1046 anima
1388 985 1519 1063 'mundi

236 1087 293 1151 sed
313 1088 348 1151 in
369 1110 484 1156 servos.
528 1089 618 1154 Deus
639 1110 777 1153 summus
792 1098 840 1153 est
850 1110 909 1153 ens
921 1100 1085 1167 oetsrnnm,
1105 1087 1272 1167 infinitum,
1293 1090 1434 1157 absolue
1447 1114 1520 1177 per-

234 1193 368 1263 fectum:
391 1196 447 1261 sed
464 1218 520 1261 ens
533 1208 692 1281 utcunque
711 1194 885 1280 perlectum
898 1194 966 1261 sine
978 1195 1119 1261 dominio
1132 1216 1197 1259 non
1209 1208 1259 1261 est
1272 1196 1418 1263 domiuus
1430 1200 1517 1265 deus

237 1302 382 1369 Dicimus
393 1304 477 1369 euim
487 1304 566 1371 deus
575 1326 675 1381 mous,
690 1302 768 1369 deus
778 1302 980 1381 secuudum
988 1302 1124 1382 Ιπιιὲῑίι,
1133 1301 1214 1369 desis
1225 1302 1369 1382 mmm,
1379 1306 1520 1372 etdorni·

235 1434 294 1477 nus
308 1413 527 1480 dominorum:
546 1413 604 1482 s'ed
617 1434 683 1477 non
696 1412 830 1479 dicimus
843 1424 980 1481 osterum
993 1434 1092 1491 meus,
1106 1424 1244 1479 memus
1256 1424 1368 1492 m,
1380 1426 1521 1480 aternus

238 1520 374 1603 Israelis,
397 1534 534 1589 tutemus
558 1522 710 1598 deorum
746 1544 812 1587 nou
832 1522 967 1588 dicimus
988 1521 1130 1588 infinitus
1156 1541 1256 1600 mens,
1283 1518 1337 1588 vel
1363 1523 1519 1607 perfectus

233 1652 331 1695 meus.
376 1632 443 1697 Hae
462 1630 686 1717 appellationes
706 1632 891 1698 relationem
910 1652 976 1701 non
996 1632 1114 1699 habent
1132 1632 1176 1697 ad
1189 1651 1306 1699 servos
1350 1633 1424 1697 Vox
1442 1633 1520 1698 deus

232 1740 350 1823 passim
360 1740 404 1824 (†)
414 1740 571 1827 significat
584 1738 766 1809 dominum:
790 1740 846 1807 sed
857 1741 963 1819 omnis
974 1740 1123 1807 dmniuus
1134 1762 1201 1807 non
1214 1752 1261 1806 est
1274 1740 1362 1805 deus.
1406 1740 1520 1805 Domi-

142 1842 146 1854 ⁴
233 1846 319 1911 natio
333 1846 413 1911 entis
427 1847 595 1932 spirimalis
608 1848 705 1913 deum
718 1846 891 1927 constituit,
905 1868 981 1915 vers
993 1869 1112 1928 vuum,
1128 1867 1250 1915 usmms
1263 1867 1430 1925 suunnum,
1445 1848 1521 1912 ficta

233 1952 353 2033 fictum.
382 1952 427 2033 Et
439 1954 703 2031 exdominotioue
714 1954 788 2029 vasti
803 1955 944 2039 seqnitur
957 1954 1053 2023 domn
1064 1974 1176 2021 verum
1187 1975 1257 2020 esse
1269 1952 1386 2032 viram,
1405 1953 1522 2018 intelli»

232 2072 359 2146 gentem
372 2070 404 2126 et
417 2045 596 2143 potem
618 2044 659 2123 ‘ex
673 2060 800 2146 ratque
813 2039 1057 2145 ,camoribus
1070 2080 1227 2126 nmmum
1241 2080 1320 2136 sm,
1334 2058 1385 2123 ..ι
1396 2059 1522 2127 ..ω

231 2164 412 2249 perfectum.
456 2164 610 2230 AEtemus
631 2176 680 2229 est
699 2177 733 2229 et
750 2165 905 2243 inanitus,
924 2167 1123 2249 omnipotens
1142 2176 1176 2231 et
1193 2164 1391 2247 camisum
1412 2164 1447 2230 id
1460 2178 1518 2243 est,

231 2273 326 2365 durat
348 2273 389 2339 ab
409 2283 530 2337 aetsrno
550 2273 584 2337 in
605 2284 769 2351 aternum,
792 2284 824 2337 et
844 2274 934 2337 adest
953 2275 996 2337 ab
1015 2274 1140 2342 infinito
1160 2275 1195 2339 in
1214 2275 1392 2342 inlinitums
1414 2276 1531 2339 omnia‘

161 2430 172 2445 .
234 2379 325 2465 regit,
341 2388 374 2442 et
386 2378 492 2443 omnis
506 2378 676 2465 cognoscit,
691 2398 763 2462 quae
777 2376 860 2443 fiunt
871 2388 927 2443 aut
939 2376 1008 2444 fieri
1026 2392 1168 2462 possunt.
1212 2381 1289 2448 Non
1302 2392 1350 2445 est
1362 2383 1521 2447 surmus

233 2498 265 2551 et
277 2483 426 2564 infinitas,
441 2485 498 2553 sed
511 2498 647 2551 aeternus
660 2498 693 2551 et
707 2484 866 2563 infinitus3
879 2506 946 2551 non
960 2499 1009 2552 est
1021 2487 1146 2553 duratio
1157 2502 1191 2553 et
1204 2490 1350 2574 spatium
1362 2490 1521 2557 seddurst

233 2607 264 2661 et
279 2595 375 2661 adest.
419 2595 525 2661 Durat
538 2588 671 2680 semper,
687 2607 720 2661 et
733 2594 821 2659 sdest
835 2594 961 2681 ubique,
975 2606 1009 2661 et
1022 2596 1185 2662 existendo
1199 2578 1322 2682 semper
1341 2612 1373 2663 et
1390 2599 1519 2685 ubique,

234 2702 430 2767 durationem
451 2715 484 2769 et
504 2704 639 2789 spatium
661 2704 831 2771 coustituit.
877 2702 962 2769 cum
974 2678 1177 2793 bnsqusque
1198 2708 1290 2791 spatii
1308 2708 1462 2791 particula
1479 2709 1522 2773 sit

232 2828 356 2894 smper,
381 2822 413 2876 et
433 2810 679 2897 unumquodque
692 2810 868 2874 durationis
887 2808 1075 2876 indivisibile
1088 2824 1282 2884 momentum
1295 2815 1411 2899 ubique
1434 2813 1520 2880 oertd

164 2955 168 2962 .
233 2937 339 2982 rerum
354 2917 494 2996 omnium
507 2917 675 2982 fabricator
689 2939 726 2982 ac
741 2916 887 2982 dominus
901 2937 967 2981 non
980 2918 1040 2982 erit
1049 2940 1209 3004 nunquam,
1221 2941 1374 3005 nusquam.
1405 2921 1520 2988 Omnis

234 3029 339 3094 anima
363 3025 498 3093 sentiens
522 3025 653 3090 diversis
674 3024 877 3109 temporibus,
899 3037 933 3089 et
952 3026 986 3090 iu
1006 3026 1136 3092 diversis
1154 3046 1310 3107 sensuum,
1333 3039 1365 3094 et
1377 3041 1536 3101 motuum&

233 3134 359 3222 organis
384 3131 495 3196 eadem
521 3143 568 3196 est
589 3153 724 3216 persona
745 3129 952 3195 indivisibilis.
1007 3132 1116 3198 Partes
1141 3133 1257 3206 dautur
1279 3135 1461 3199 successivas
1485 3135 1520 3198 in

234 3242 409 3320 duratione,
420 3239 640 3318 coexistentes
655 3240 689 3302 in
701 3238 811 3324 spatio,
822 3249 943 3304 neumoe
956 3239 990 3304 in
1002 3261 1138 3325 persona
1150 3240 1286 3306 bominis
1295 3263 1351 3309 seu
1364 3242 1521 3328 principio

234 3352 301 3436 ejus
330 3351 503 3455 cogitante3
536 3361 568 3414 et
595 3348 695 3414 multb
722 3345 827 3429 mimis
855 3349 891 3412 iu
912 3347 1085 3414 substantii
1109 3349 1265 3436 cogitante
1290 3349 1351 3414 dei.
1405 3350 1519 3418 Omnis

235 3460 341 3537 homo,
366 3470 518 3545 quatenus
532 3481 583 3524 res
598 3459 743 3538 sentiens,
766 3470 815 3524 est
828 3480 911 3532 unus
925 3471 957 3524 et
975 3458 1060 3524 idem
1073 3457 1171 3525 homo
1183 3460 1318 3527 durante
1330 3458 1394 3526 vitt
1409 3459 1465 3527 sut
1486 3461 1519 3524 in

235 3569 380 3636 omnibus
395 3579 426 3634 et
440 3568 571 3656 singulis
586 3587 733 3638 sensuum
747 3568 884 3657 organis.
931 3569 1018 3636 Deus
1032 3581 1081 3634 est
1094 3590 1176 3636 unus
1195 3580 1228 3634 et
1247 3568 1332 3635 idem
1346 3569 1424 3634 deus
1439 3591 1520 3636 sern-

233 3701 292 3764 per
306 3691 338 3744 et
352 3679 477 3766 ubique.
524 3677 759 3762 Omnipraesens
774 3691 901 3749 estnon
921 3699 980 3762 per
993 3681 1132 3744 mrtrdem
1146 3677 1255 3755 solam,
1278 3677 1334 3756 sed
1348 3677 1442 3742 etiam
1461 3699 1522 3763 per

235 3786 450 3862 adstantium:
472 3807 546 3850 num
569 3784 666 3858 virtus
683 3784 755 3852 siue
776 3777 948 3868 substanfid
969 3785 1215 3856 subsisterenou
1236 3795 1349 3867 potest.
1394 3785 1433 3850 Iu
1451 3785 1521 3868 ipso

238 3894 283 3980 (l)
307 3895 507 3960 continentur
528 3907 559 3962 et
580 3905 746 3958 moventur
766 3893 922 3971 universa,
945 3893 1001 3958 sed
1018 3894 1085 3956 sine
1098 3889 1207 3956 mutui
1229 3891 1385 3976 passione.
1429 3889 1521 3957 Deus

269 4088 308 4154 (θ)
322 4088 533 4148 ldestimperator
542 4083 684 4132 universalis.
772 4084 774 4088 '
897 4083 1057 4145 Anaxagoras,
1075 4080 1197 4144 Virgilius,
1217 4080 1326 4143 Georgia.
1348 4077 1402 4125 Lib.
1427 4076 1474 4126 IV.
1495 4093 1521 4126 v.

269 4155 307 4217 (†]
321 4153 439 4201 Pocokius
454 4161 532 4198 noster
543 4165 622 4197 vocem
632 4151 669 4196 dei
679 4146 774 4196 deducit
784 4161 798 4196 s
808 4161 866 4195 vocs
896 4152 951 4194 220.
965 4155 989 4193 et
999 4143 1096 4194 AEnsid.
1109 4145 1163 4192 niu
1175 4145 1221 4193 vi.
1230 4159 1254 4190 s.
1263 4147 1318 4192 tar.
1330 4143 1401 4189 Philo
1414 4140 1520 4204 Allegor.

238 4216 391 4276 Arabieddu,
415 4217 473 4264 stin
481 4229 537 4262 essu
545 4214 623 4276 aliquo
630 4213 672 4274 dt)
681 4227 734 4276 quo
742 4208 865 4260 dominum
897 4211 951 4257 Lib.
972 4211 993 4258 Ι.
1013 4212 1057 4257 sub
1074 4208 1148 4256 initio.
1185 4211 1274 4271 Aratus
1288 4207 1456 4259 inspiramur
1476 4209 1522 4252 sub

234 4280 357 4344 significat
403 4220 439 4328 lu
460 4281 505 4326 hcc
526 4293 595 4326 sensu
616 4276 732 4338 principes
751 4285 864 4323 vocantur
894 4275 969 4321 initio.
1005 4273 1043 4321 Its
1058 4273 1128 4320 edam
1143 4272 1265 4332 scriptores
1274 4271 1340 4346 socri,
1355 4280 1384 4318 ut
1396 4269 1486 4316 Paulus
1495 4270 1522 4315 in

230 4349 274 4401 ‘dia
289 4343 349 4390 Pul.
364 4359 458 4392 ursis.
471 4342 611 4392 6.etJosn.
624 4355 646 4388 x.
660 4343 700 4389 45.
737 4340 865 4387 EtMoses
895 4341 951 4385 Act.
964 4352 1023 4384 nvn·
1036 4341 1074 4384 27.
1087 4341 1127 4384 28.
1164 4335 1423 4396 JobsnnsssnEvsng.
1438 4348 1484 4380 ιιι.
1499 4339 1523 4382 2.

235 4407 473 4456 diciturdeussrstris
485 4408 609 4464 deremet
618 4409 674 4454 deus
685 4403 746 4466 regis
755 4403 864 4450 theu
897 4403 979 4449 Moses
993 4401 1020 4447 in
1040 4401 1112 4448 Deut.
1126 4416 1158 4448 ιι.
1171 4405 1211 4448 39.
1224 4408 1249 4446 et
1264 4415 1287 4446 x.
1301 4405 1325 4446 4·
1360 4397 1440 4446 David
1457 4397 1522 4444 Psal.

236 4471 326 4537 (Euod
338 4487 368 4518 ιν.
386 4475 421 4518 16.
435 4480 510 4518 stur.
521 4471 561 4530 1.).
594 4469 721 4516 Eteodsm
731 4467 861 4514 sensusni-
893 4479 987 4514 crum.
1003 4470 1063 4513 ’1.8.
1078 4471 1101 4512 9.
1124 4463 1258 4512 Salomonl
1274 4465 1334 4526 Reg.
1348 4477 1400 4510 mu,
1413 4467 1451 4510 27.
1464 4461 1521 4509 Job.

235 4552 281 4585 mse
292 4535 422 4596 principum
430 4544 574 4582 mortuomm
583 4532 860 4596 olimsgentibusvoos·
893 4545 952 4578 un.
980 4534 1015 4575 12.
1042 4535 1080 4576 18.
1105 4533 1142 4575 ta.
1188 4527 1304 4576 Jersmiss
1324 4540 1392 4573 nur.
1417 4532 1456 4572 23.
1481 4530 1520 4571 24.

235 4603 320 4648 bantur
331 4599 372 4656 dii,
389 4597 429 4644 sed
439 4597 499 4644 falso
513 4607 607 4659 propter
622 4597 740 4644 defectum
754 4593 860 4642 dominii.
898 4593 1030 4656 lingebant
1045 4601 1123 4638 eutem
1140 4591 1267 4638 idololatra
1280 4591 1367 4646 Solem,
1385 4590 1487 4644 Lunam,
1499 4599 1525 4635 et

239 4665 317 4728 (Note
329 4661 448 4718 sutoris)
898 4666 966 4712 ostra
984 4657 1075 4703 saunas
1091 4657 1216 4702 bominum
1231 4664 1257 4701 et
1274 4655 1331 4702 alias
1346 4653 1430 4700 mundi
1449 4665 1526 4712 partes

269 4728 353 4792 (ψει
364 4726 492 4774 sentiebant
504 4732 597 4780 veteres,
614 4732 641 4772 ut
649 4723 794 4798 Pytlmgorss
802 4720 867 4782 apud
898 4735 949 4767 esse
964 4729 1041 4782 partes
1059 4720 1108 4768 Dei
1125 4720 1220 4794 summi,
1237 4729 1262 4768 et
1276 4717 1330 4766 ided
1348 4717 1465 4774 colertdas,
1483 4715 1526 4764 sed
1620 4780 1625 4788 ι

132 4821 135 4830 ·
239 4792 384 4849 Ciceronem,
396 4792 426 4842 de
439 4786 531 4843 Nuus
544 4787 657 4846 Deorum,
671 4788 725 4837 Lib.
738 4787 760 4836 Ι.
772 4786 865 4844 Thales,
896 4783 964 4846 idad.
999 4785 1077 4850 (Nou
1088 4782 1219 4847 Ausona)
