3392 5675
272 517 333 572 112
569 500 909 571 PHILOSOPHIAE
930 504 1201 592 NATURALIS
1244 501 1554 584 [Dubium-Sum.

270 692 418 764 spectant,
443 679 497 741 ubi
511 698 592 762 aqua
607 676 674 739 sine
687 676 805 759 impetu
820 674 966 739 effluendi
990 688 1022 739 et
1045 675 1204 739 remeandi
1218 674 1318 765 attolli
1340 685 1372 737 et
1395 676 1556 739 subsidere

270 784 381 872 potest,
399 786 583 874 magnitudo
596 784 689 849 aestbs
705 784 872 868 respondet
886 784 1004 849 viribus
1021 784 1103 848 Solis
1118 797 1150 847 et
1164 784 1276 847 Lunae.

317 900 414 961 Corol.
430 904 460 958 8.
486 894 569 959 Ctim
583 894 628 957 vis
644 894 745 957 Lunae
759 893 801 955 ad
814 913 902 956 mare
915 893 1105 957 movendum
1120 893 1160 958 sit
1173 893 1214 956 ad
1228 893 1291 955 vim
1305 892 1464 979 gravitatis
1485 904 1521 956 ut
1538 900 1551 954 l

272 1004 311 1067 ad
334 1010 492 1077 tammo,
519 1001 718 1085 perspicuum
732 1010 779 1061 est
793 998 878 1084 quod
893 998 938 1061 vis
952 998 1006 1062 illa
1027 999 1067 1061 sit
1090 996 1182 1085 longe
1197 998 1299 1059 minor
1314 996 1407 1081 quim
1421 1021 1492 1083 quae
1506 998 1557 1061 vel

271 1112 304 1173 in
319 1110 536 1194 experimentis
547 1106 766 1192 pendulorum,
782 1108 832 1171 vel
846 1108 879 1169 in
894 1108 1009 1171 statiois
1024 1119 1078 1171 aut
1091 1106 1307 1193 hydrostaticis
1321 1106 1558 1191 quibuscunque

272 1220 377 1285 sentiri
392 1218 499 1303 possit.
545 1216 583 1301 (¹³)
608 1217 647 1279 In
660 1228 738 1281 aestu
753 1216 820 1280 solo
836 1218 959 1281 marino
972 1217 1042 1281 haec
1055 1217 1101 1280 vis
1116 1216 1293 1281 sensibilem
1307 1216 1373 1280 edit
1387 1213 1542 1279 effectum.

317 1330 415 1391 Corol.
432 1336 461 1391 3.
507 1326 665 1401 Quoniam
689 1326 736 1389 vis
762 1326 865 1389 Lunae
889 1325 930 1390 ad
955 1348 1042 1391 mare
1055 1326 1244 1389 movendum
1260 1336 1308 1388 est
1330 1324 1371 1387 ad
1397 1324 1477 1388 Solis
1491 1324 1559 1388 vim

275 1428 465 1503 eonsiruilem
487 1430 660 1505 1111815
684 1439 724 1504 ad
749 1448 776 1517 1,
800 1452 832 1503 et
853 1439 933 1503 vires
952 1439 1016 1501 illoe
1039 1444 1110 1523 (per
1125 1438 1231 1501 Corol.
1251 1447 1301 1501 11.
1318 1437 1414 1520 Prop.
1429 1438 1557 1501 LXIV.

275 1548 345 1611 Lib.
362 1548 403 1627 Ι.)
430 1562 501 1613 sunt
515 1560 550 1613 ut
564 1548 730 1617 densitates
745 1570 913 1633 corporum
930 1549 1030 1612 Lunae
1055 1561 1087 1612 et
1110 1548 1191 1612 Solis
1205 1559 1237 1611 et
1250 1546 1323 1610 cubi
1336 1546 1558 1609 diametrorum

275 1657 487 1740 apparentium
517 1658 725 1743 conjunctim3
757 1659 892 1721 densitas
919 1659 1020 1722 Lunae
1046 1658 1104 1721 erit
1132 1657 1173 1720 ad
1201 1658 1387 1720 densitatem
1412 1655 1494 1719 Solis
1523 1668 1561 1718 ut

274 1772 389 1827 11815
417 1764 456 1827 ad
481 1773 493 1826 l
522 1763 648 1840 directe,
674 1776 704 1827 et
729 1763 826 1826 cubus
841 1764 984 1827 diametri
999 1763 1100 1826 Lunae
1124 1762 1165 1824 ad
1188 1763 1303 1825 cubum
1317 1761 1460 1824 diametri
1477 1760 1560 1824 Solis

273 1871 410 1937 inverse:
432 1872 466 1935 id
491 1886 538 1936 est
561 1872 647 1957 (crim
662 1872 804 1936 diametri
818 1872 991 1935 mediocres
1006 1882 1190 1955 apparentes
1206 1871 1307 1934 Lunae
1333 1881 1364 1935 et
1392 1869 1474 1933 Solis
1497 1870 1561 1932 sint

274 1980 335 2041 31¹.
354 1979 443 2058 163¹&
458 1990 490 2041 et
505 1978 565 2042 32¹.
584 1978 666 2057 18”.)
692 1988 727 2039 ut
752 1985 832 2041 1891
852 1976 893 2039 ad
910 1986 1002 2040 1000.
1046 1975 1079 2060 (¹)
1102 1976 1249 2038 Densitas
1275 1987 1378 2037 autem
1396 1974 1478 2038 Solis
1492 1986 1562 2038 erat

273 2082 314 2146 ad
339 2082 522 2146 densitatem
537 2082 646 2145 Terrae
671 2092 707 2144 ut
732 2091 814 2146 1000
830 2081 872 2145 ad
886 2090 991 2157 40003
1013 2092 1045 2145 et
1065 2094 1230 2164 propterea
1244 2080 1380 2144 densitas
1396 2079 1498 2143 Lunae
1513 2094 1563 2144 est

273 2188 314 2250 ad
339 2188 520 2249 densitatem
535 2185 646 2248 Terrae
668 2197 703 2248 ut
724 2193 804 2248 1891
832 2185 873 2248 ad
894 2194 980 2249 1000
995 2207 1049 2248 seu
1067 2194 1102 2247 11
1123 2184 1163 2247 ad
1178 2194 1208 2248 9.
1264 2182 1322 2248 Est
1337 2184 1432 2270 igitur
1447 2182 1561 2269 corpus

276 2292 375 2355 Lunae
390 2292 514 2353 densius
529 2305 561 2354 et
574 2290 672 2376 magis
687 2300 831 2353 terrestre
845 2287 939 2375 quaim
954 2290 1057 2353 Terra
1070 2300 1185 2355 nostra.

319 2400 416 2461 Corol.
433 2406 463 2460 1.
497 2398 540 2460 Et
555 2395 626 2460 crim
641 2418 714 2460 vera
728 2395 879 2459 diameter
893 2396 995 2459 Lnnae
1008 2416 1050 2459 ex
1063 2394 1330 2459 observationibus
1345 2398 1562 2460 astronomicis

277 2503 316 2567 sit
340 2502 381 2565 ad
401 2498 507 2566 veram
529 2502 713 2566 diametrum
737 2502 848 2566 Terrae
867 2513 904 2565 nt
931 2508 991 2563 100
1017 2501 1059 2565 ad
1085 2510 1165 2576 8653
1188 2502 1247 2565 erit
1269 2523 1372 2566 massa
1395 2503 1498 2565 Lunae
1520 2505 1562 2568 ad

277 2630 410 2673 massam
425 2610 534 2673 Terrae
549 2624 584 2673 ut
601 2620 614 2672 1
635 2608 676 2674 ad
691 2617 817 2678 39.788.

321 2720 418 2781 Corol.
435 2725 465 2781 5.
511 2718 557 2797 (¹¹¹)
585 2717 628 2780 Et
652 2718 786 2803 gravitas
810 2718 1009 2781 acceleratrix
1032 2719 1066 2781 in
1089 2719 1252 2802 superficie
1268 2721 1368 2784 Lunoe
1392 2723 1451 2785 erit
1474 2723 1564 2808 quasi

276 2825 369 2911 triplo
383 2825 485 2888 minor
499 2823 593 2911 quaim
607 2826 741 2912 gravitas
756 2828 955 2891 acceleratrix
970 2828 1002 2891 in
1019 2829 1182 2912 superficie
1198 2830 1317 2894 Terroe.
1443 2809 1451 2840 i

321 2933 418 2994 Corol.
437 2941 466 2994 6.
513 2932 551 3013 (¹¹)
576 2931 618 2994 Et
632 2931 777 2996 distantia
792 2935 891 2998 centri
906 2935 1007 2998 Lunoe
1022 2959 1042 2999 a
1055 2949 1162 3000 centro
1178 2937 1360 3001 Terrae·erit
1381 2939 1422 3002 ad
1442 2940 1561 3002 distan-

277 3038 350 3101 tiam
366 3036 463 3098 centri
479 3035 580 3099 Lunae
595 3058 614 3097 a
628 3039 785 3100 communi
799 3040 958 3124 gravitatis
973 3052 1080 3104 centro
1095 3042 1206 3105 Terrae
1220 3055 1253 3107 et
1266 3044 1377 3122 Lunae,
1393 3054 1561 3113 6110788

277 3145 317 3210 ad
333 3154 458 3215 39.788.

321 3257 358 3338 (⁰)
387 3259 484 3320 Corol.
512 3265 541 3324 7.
588 3257 630 3322 Et
650 3257 814 3323 mediocris
829 3260 975 3324 distantia
990 3263 1087 3326 centri
1103 3263 1204 3328 Luuae
1229 3288 1249 3328 a
1272 3259 1380 3328 centro
1395 3263 1507 3337 Terrae
1528 3261 1563 3323 in

280 3365 453 3430 octantibus
469 3356 570 3431 Lunae
595 3369 652 3432 erit
674 3369 986 3434 semi-diametrorum
1007 3373 1213 3436 maximarum
1236 3373 1345 3436 Terrae
1368 3370 1430 3451 60}
1453 3390 1563 3455 quam·

278 3468 429 3552 proxime.
474 3471 557 3533 Nam
579 3474 689 3536 Terrae
712 3475 953 3539 semi-diameter
967 3479 1104 3541 maxima
1126 3479 1185 3542 fuit
1208 3480 1324 3565 pedam
1341 3477 1562 3542 Parisiensium

236 3631 240 3640 .
283 3584 459 3652 19658600,
483 3589 514 3640 et
528 3579 693 3642 mediocris
715 3581 862 3645 distantia
883 3596 1061 3646 centrorum
1077 3585 1187 3648 Terrae
1208 3598 1239 3648 et
1261 3586 1372 3662 Lnnae‘,
1393 3605 1434 3647 ex
1454 3584 1563 3666 hujus-

279 3681 364 3746 modi
380 3682 536 3747 diametris
551 3687 613 3765 60}
630 3700 783 3764 constans,
808 3689 934 3773 aequalis
955 3700 1002 3752 est
1022 3677 1154 3773 pedibus
1172 3698 1391 3759 1187379110.
1437 3689 1563 3752 Et-haec

314 3849 350 3914 (1)
363 3854 418 3900 9121
429 3860 487 3900 remu
498 3853 542 3900 tolo
553 3855 649 3902 morino.
686 3853 734 3900 Hae
745 3853 906 3914 quidemvires
970 3855 1000 3918 (¹)
1021 3861 1034 3888 ⁰
1047 3859 1156 3906 Densitas
1173 3869 1251 3908 ornem
1269 3861 1332 3908 Salia
1368 3858 1435 3922 (Cor.
1449 3863 1473 3906 3.
1489 3857 1560 3920 Prop-

281 3913 311 3960 ad
321 3913 462 3961 movendum
474 3927 537 3962 mare
547 3915 674 3974 sufficiunt,
691 3917 730 3963 sed
741 3916 798 3963 alios
809 3917 906 3964 effectus
938 3919 1017 3967 VIII.
1032 3921 1085 3968 Lm
1099 3923 1189 3983 hujus.)
1484 3931 1489 3936 '

281 3979 398 4026 sanabiles
408 3979 536 4037 producere
547 3994 594 4026 non
605 3989 707 4040 possum.
744 3981 838 4028 Etenim
851 3997 904 4042 gra·

281 4055 338 4086 num
350 4057 423 4088 unum
436 4057 490 4088 eum
507 4042 608 4100 pondere
618 4058 744 4105 granorum
755 4050 819 4092 1000
834 4044 904 4090 etiam
970 4043 1011 4107 (ω)
1024 4049 1037 4076 ·
1052 4048 1084 4094 It't
1093 4057 1194 4108 mamas
1205 4051 1355 4096 accelerare.
1391 4047 1454 4095 Nam
1462 4049 1564 4110 gravitas
1613 4039 1619 4052 ’

281 4103 451 4152 accanttsnmt
458 4103 516 4152 libri
524 4117 683 4164 comparatum
691 4107 770 4154 sentiri
778 4107 905 4167 aixpotest,
937 4109 1083 4156 accelerabis
1100 4121 1135 4157 est
1151 4121 1178 4156 ut
1192 4125 1267 4157 massa
1282 4110 1368 4158 directe
1384 4122 1408 4158 et
1422 4112 1557 4172 quadratum

282 4168 316 4213 vla
331 4178 408 4216 autem
420 4169 500 4216 solaris
515 4179 550 4216 est
565 4169 596 4215 ad
611 4169 657 4214 vim
669 4171 785 4232 gravitatis
801 4180 827 4218 ut
846 4177 857 4218 l
876 4171 905 4219 ad
937 4171 1052 4219 distantiae
1062 4189 1076 4219 a
1086 4184 1172 4228 centro,
1181 4176 1225 4220 hoe
1235 4186 1276 4230 ast,
1288 4175 1462 4222 semi-diametri
1474 4176 1564 4223 invene

286 4234 416 4288 lassaron,
434 4248 571 4294 summaque
582 4232 665 4278 virium
679 4232 738 4281 Solis
749 4243 772 4280 et
784 4233 906 4282 Lunaeest
938 4237 1005 4297 (Cor.
1022 4241 1043 4281 1·
1057 4237 1128 4296 Prop·
1141 4237 1252 4284 LXXV.
1266 4238 1317 4284 Lib·
1329 4238 1363 4299 1.)
1392 4236 1562 4300 Idebquegra-

283 4292 312 4338 nd
333 4295 430 4342 eandem
451 4298 498 4344 vim
517 4296 635 4360 gravitatis
655 4305 683 4342 ut
702 4302 713 4343 1
735 4297 765 4344 ad
784 4303 902 4347 8082890.
938 4301 997 4346 ritas
1007 4299 1152 4348 ecceleratrix
1163 4301 1187 4346 io
1198 4301 1319 4361 superficie
1331 4303 1408 4349 Luae
1423 4312 1457 4348 est
1467 4301 1498 4347 ad
1507 4317 1562 4362 grn-

286 4355 365 4409 Quare
381 4368 443 4417 patet
459 4361 583 4414 viresillas
602 4359 656 4406 licet
671 4361 812 4422 conjunctas,
829 4360 905 4408 multb
937 4362 1031 4409 vitatam
1053 4365 1234 4410 acceleratricem
1250 4366 1275 4410 iu
1291 4365 1411 4424 superficie
1434 4367 1512 4412 Terrae
1534 4374 1563 4411 ut

282 4418 383 4494 minores
397 4422 532 4482 essequam
543 4424 789 4484 utpondua‘eorporis
804 4425 906 4487 cujusvis
939 4429 989 4483 l><
1002 4426 1226 4476 remandantes
1239 4435 1265 4485 χ
1279 4433 1348 4487 1000,
1365 4430 1516 4486 borestutt
1529 4428 1562 4475 ad

282 4495 308 4526 rn
324 4481 383 4528 hbrt
392 4487 487 4543 appensi
498 4487 633 4534 sensibiliter
649 4503 734 4549 angere
748 4488 784 4534 val
800 4491 906 4536 minuere
937 4490 1060 4536 baireiter.

283 4545 377 4604 possint
405 4546 475 4593 Unde
482 4563 525 4595 nec
534 4549 559 4594 in
570 4550 732 4611 experimenta
740 4551 904 4611 pendulorum,

282 4611 472 4663 barometrotum,
491 4610 527 4656 vel
542 4613 569 4657 in
583 4615 669 4661 staticis
687 4624 728 4662 aut
747 4614 906 4675 hydrostaticis
970 4617 1007 4682 (³)
1020 4622 1032 4650 ⁸
1044 4621 1076 4667 Et
1087 4622 1194 4669 distantia
1205 4625 1279 4670 centri
1286 4623 1373 4671 tane·
1386 4624 1437 4687 (61.
1447 4622 1499 4669 Lib.
1512 4618 1549 4682 I.)

283 4672 401 4719 sensibiles
422 4673 491 4719 edent
511 4673 613 4721 effectus.
659 4677 725 4724 Idem
750 4679 905 4726 corollarium

283 4735 666 4810 ε1ειςεηῑετιάε18οηπην1111ῶεε.
679 4741 780 4787 Baletus
788 4757 855 4788 num.
864 4749 904 4790 ³0.
971 4742 1006 4806 (⁰)
1018 4748 1062 4793 'C
1084 4748 1111 4792 ol.
1119 4750 1141 4793 7.
1165 4748 1308 4808 computum
1319 4747 1401 4796 eodem
1410 4748 1479 4810 planti
1488 4749 1564 4798 modo

285 4800 457 4847 Dissertatroms
467 4800 497 4848 de
510 4800 588 4847 Flutu
599 4811 622 4848 et
635 4803 737 4850 Reflunu
750 4805 831 4851 Maris.
939 4807 1011 4854 initur
1021 4823 1048 4855 nc
1058 4809 1083 4855 iu
1095 4810 1165 4870 hap.
1182 4810 1229 4858 lV·
1241 4813 1296 4860 Lib·
1307 4812 1394 4865 buius.
