3392 5675
229 496 238 511 ι
265 428 308 483 28
567 414 908 481 PHILOSOPHIAE
931 416 1203 483 NATURALIS
1227 418 1300 497 [Du
1315 416 1438 483 Mune.
1457 420 1549 485 Suae,

237 606 238 611 ¹
300 588 372 633 Carus
391 589 412 632 l·
448 584 501 633 Sint
517 587 541 641 Q
554 586 609 633 TP
625 594 650 632 et
666 586 692 633 N
704 583 761 633 TP
779 587 889 649 negativi,
921 587 1077 635 semi-circulo
1087 589 1198 648 superiori
1212 590 1233 635 A
1249 590 1275 644 Q
1286 591 1316 647 B,
1332 600 1357 638 et
1372 607 1388 638 n
1404 592 1475 641 estin
1485 603 1551 641 ante·

266 648 329 695 eolus
347 650 398 696 ST
411 648 434 696 N
451 650 481 696 sit
496 649 614 709 positivus,
632 649 701 696 distet
719 650 741 696 P
756 666 770 697 a
786 650 848 697 nodo
865 651 891 697 N
922 652 1029 698 cedentia
1038 662 1144 712 respectu
1157 654 1189 706 A,
1200 651 1300 714 ideoque
1310 655 1320 700 l
1330 665 1365 701 est
1375 656 1401 701 in
1412 657 1550 704 anteceden-

266 708 344 758 minus
355 712 428 759 tribus
438 712 611 773 quadrantibus,
622 713 669 759 sive
676 713 756 760 minus
764 714 891 774 quadrante
923 717 956 762 tia
964 726 1070 774 respectu
1080 730 1109 789 n,
1117 725 1144 762 ut
1154 717 1223 763 etiam
1233 718 1369 777 Vrespeetu
1378 721 1411 793 N,
1420 721 1551 796 regreditur

265 791 280 822 a
290 785 378 836 puncto
388 791 412 833 n,
430 775 500 837 idque
515 775 539 821 in
556 777 727 837 consequentia,
744 778 892 836 retroprodu·
923 794 980 840 ergo
991 779 1074 835 nodus,
1090 787 1121 825 sut
1133 780 1192 827 NP
1208 780 1280 827 tribus
1291 782 1457 843 quadrantibus
1467 800 1549 846 major,

266 838 346 885 oendee
357 848 426 885 erunt
435 839 503 886 linere
515 838 537 886 P
554 840 592 895 M,
607 839 628 885 P
643 840 673 897 L,
693 850 721 886 ut
737 839 759 886 P
777 841 805 887 M
824 841 892 889 linear
923 841 991 890 linea
1004 842 1026 889 P
1038 843 1075 897 Μ,
1090 842 1111 888 P
1123 842 1145 889 L
1156 853 1285 890 antrorsum
1298 857 1353 892 sunt
1363 847 1524 905 producendae,
1540 848 1551 894 l

266 902 381 949 nodorum
390 910 495 949 occurrat
511 902 536 947 in
555 917 587 959 m,
607 912 631 950 et
649 903 671 949 L
683 904 705 951 P
723 904 749 949 in
769 903 777 949 l
793 904 891 951 vicinius
922 907 966 954 erit
976 906 1070 966 propius
1083 905 1131 952 Soli
1142 905 1214 967 quim
1223 922 1256 963 m,
1268 918 1292 954 et
1304 910 1327 955 A
1341 910 1363 955 T
1374 910 1383 954 l
1393 911 1442 956 sive
1455 912 1478 957 A
1490 912 1514 958 T
1526 913 1551 959 V

269 966 324 1021 Soli,
332 966 386 1011 hinc
396 968 418 1011 A
427 966 450 1012 T
458 965 467 1012 l
475 966 552 1012 minor
559 966 603 1013 erit
613 966 637 1011 A
648 967 733 1014 Tmet
741 966 793 1015 ideo
804 972 826 1013 A
836 968 858 1015 T
867 970 889 1013 V
921 970 998 1016 minor
1008 966 1080 1047 qud'm
1093 970 1117 1015 A
1129 970 1152 1019 Τ
1164 971 1196 1022 Ν,
1208 971 1249 1045 sed
1259 971 1315 1033 quia
1327 973 1349 1019 A
1363 973 1386 1019 T
1398 974 1423 1048 N
1433 983 1468 1020 est
1478 990 1549 1037 nega.

266 1028 890 1156 tittttttrtiffiuii⁹t?⁰tgtiniti:
921 1032 1430 1155 tinittttirititttiitit
1443 1049 1549 1163 iffi

266 1154 393 1202 recedentia
403 1164 507 1215 respectu
519 1156 600 1215 puncti
613 1156 645 1215 N,
657 1172 713 1221 ergo
723 1158 800 1205 nodus
811 1174 890 1222 regre-
922 1160 1004 1222 puncti
1015 1161 1047 1215 N,
1059 1160 1188 1221 regreditur
1197 1176 1254 1223 erge
1264 1162 1347 1210 nodus.

1098 1226 1151 1271 Art.
1174 1230 1197 1271 4.
1233 1226 1259 1273 si
1275 1235 1321 1272 tres
1337 1228 1417 1290 anguli
1437 1230 1463 1285 Q
1479 1229 1501 1276 T
1519 1230 1548 1289 P,

1066 1288 1092 1335 N
1105 1288 1167 1341 ΤΡ,
1187 1289 1203 1335 S
1215 1289 1237 1335 T
1249 1290 1274 1335 N
1289 1290 1336 1336 sint
1345 1292 1455 1354 negativi,
1471 1302 1549 1341 motus
1629 1318 1632 1323 ·

1065 1364 1095 1397 ex
1116 1352 1243 1412 regreeeivo
1263 1354 1419 1415 progressivue
1440 1356 1494 1413 ἢθη
1521 1368 1549 1405 ut

1065 1415 1199 1475 hypothesis
1225 1417 1297 1478 hujus
1322 1418 1414 1465 artIculi
1439 1420 1548 1477 obdunt

1065 1487 1155 1537 oportet
1165 1488 1192 1525 ut
1201 1480 1278 1527 nodus
1295 1481 1319 1527 N
1335 1492 1359 1527 et
1370 1483 1441 1530 Luna
1453 1484 1474 1531 P
1484 1484 1514 1532 sit
1524 1485 1550 1531 in

1065 1542 1193 1602 quadrante
1211 1560 1226 1605 q
1246 1544 1284 1601 13,
1302 1559 1358 1591 nam
1374 1543 1429 1594 einn
1447 1548 1550 1609 angulus
1577 1591 1580 1597 .

1067 1605 1126 1659 QT
1143 1604 1165 1652 P
1183 1607 1213 1653 sit
1228 1609 1357 1669 negativus,
1378 1610 1400 1656 P
1415 1610 1484 1657 debet
1500 1628 1550 1659 esse

1065 1667 1090 1713 in
1101 1669 1256 1717 semi-circulo
1269 1688 1284 1732 q
1303 1672 1324 1717 B
1338 1673 1378 1731 Q;
1395 1672 1450 1720 edm
1468 1676 1516 1722 ST
1524 1676 1549 1722 N

1064 1731 1095 1777 sit
1110 1735 1236 1794 negativus,
1256 1736 1280 1782 N
1296 1734 1423 1783 debetesse
1439 1739 1464 1784 in
1479 1740 1549 1784 semi-

1064 1796 1551 1859 circuloAqB‚eteumNTPsit

1035 1862 1039 1867 ”
1064 1861 1192 1921 negativus,
1206 1862 1231 1907 N
1242 1861 1549 1927 debetesseinconsequen·

1064 1922 1098 1968 tia
1114 1935 1220 1983 respectu
1233 1925 1268 1982 Ρς
1285 1940 1349 1987 ergo,
1370 1928 1395 1975 N
1410 1943 1459 1975 non
1475 1939 1550 1988 potest

1064 1985 1150 2031 versari
1170 1986 1196 2032 in
1217 1988 1345 2050 quadrante
1369 1991 1392 2037 A
1414 2007 1437 2052 q.
1460 2008 1504 2039 nee
1527 1994 1549 2040 P

1064 2047 1090 2093 in
1105 2049 1233 2109 quadrante
1252 2053 1275 2099 B
1288 2053 1327 2108 Q:
1346 2067 1477 2101 aaronem
1492 2072 1549 2119 ergo

1064 2121 1134 2159 erunt
1149 2116 1304 2173 producendae
1317 2117 1384 2163 lineae
1402 2118 1424 2165 P
1436 2120 1472 2173 M,
1492 2120 1514 2165 P
1525 2121 1548 2167 L

1064 2184 1091 2221 ut
1109 2176 1221 2236 eclipticae
1237 2190 1367 2237 occurrant,
1384 2182 1427 2229 erit
1445 2183 1455 2229 1
1472 2198 1549 2229 remo·

1063 2238 1110 2285 tius
1120 2255 1134 2285 a
1146 2241 1199 2287 Sole
1207 2242 1276 2303 qudrn
1286 2259 1317 2297 m,
1329 2254 1353 2291 et
1363 2246 1465 2307 angulus
1474 2247 1548 2293 ATV

1063 2303 1138 2363 major
1147 2305 1235 2366 angulo
1253 2307 1276 2352 A
1286 2308 1309 2354 T
1320 2308 1351 2361 Ν,
1367 2309 1408 2355 red
1419 2308 1457 2355 hic
1472 2326 1548 2371 angni-

1061 2364 1100 2411 lus
1110 2376 1145 2413 est
1155 2369 1283 2429 negativus,
1300 2371 1348 2417 aive
1358 2381 1393 2417 est
1410 2372 1434 2419 N
1450 2373 1476 2419 iu
1491 2389 1548 2433 con,

1062 2431 1181 2489 sequentia
1190 2442 1295 2492 respectu
1307 2434 1339 2490 A,
1356 2436 1399 2481 erit
1410 2451 1467 2498 ergo
1477 2437 1548 2484 etiam

1062 2490 1087 2537 V
1107 2492 1133 2538 in
1154 2497 1317 2557 consequentia
1337 2510 1444 2559 respectu
1465 2502 1547 2560 puncti

262 2542 340 2603 ditur-3
357 2543 427 2593 distet
444 2538 466 2593 P
481 2548 510 2594 ab
528 2546 616 2607 Nplus
627 2549 700 2597 tribus
710 2548 885 2611 quadrantibus,
919 2551 953 2608 N,
966 2552 1041 2601 nodus
1051 2554 1130 2617 itaque
1141 2560 1295 2619 progreditur.

261 2616 391 2656 entrorsum
402 2608 556 2670 producendae
568 2622 623 2669 sunt
633 2613 701 2660 lineae
715 2614 782 2670 PM,
796 2613 848 2661 PL
860 2624 888 2661 ut
953 2616 1000 2663 His
1011 2618 1091 2677 positis
1101 2618 1161 2677 dico,
1177 2622 1241 2683 quod
1252 2633 1331 2670 motus
1346 2625 1402 2672 nodi
1418 2629 1547 2689 progressi-

261 2682 382 2719 occurrant
397 2674 465 2719 lineae
476 2673 590 2721 nodorum
606 2684 630 2723 et
648 2677 659 2723 l
676 2678 779 2724 manebit
797 2694 812 2724 a
832 2678 888 2725 Sole
919 2693 962 2725 rus
976 2681 1122 2729 eraditdum
1134 2684 1204 2732 Luna
1219 2696 1323 2734 versatur
1333 2689 1394 2734 inter
1409 2691 1547 2740 alterutrum

260 2736 371 2783 remotius
381 2734 452 2799 quarn
464 2752 496 2793 m,
513 2748 536 2785 ct
546 2740 647 2801 angulus
666 2743 688 2787 A
702 2741 743 2788 Ti
760 2742 834 2803 major
844 2742 888 2789 erit
919 2743 1008 2789 eodum
1026 2756 1051 2791 et
1067 2746 1232 2806 quadraturam
1247 2750 1292 2812 ipsi
1307 2752 1454 2811 proximam
1470 2758 1546 2816 quad-
1626 2763 1631 2771 '

260 2798 347 2860 angulo
361 2801 383 2846 A
396 2799 418 2846 T
430 2800 462 2856 N,
474 2802 603 2862 regreditur
613 2819 668 2867 ergo
679 2804 774 2852 nodus
919 2815 1022 2857 raturam
1042 2809 1105 2858 uodo
1125 2813 1256 2873 prosunam
1275 2812 1344 2865 'vocat
1366 2818 1503 2877 Nevtouus,
1525 2820 1546 2868 si

294 2866 343 2909 Cea.
363 2869 385 2908 2.
421 2863 473 2910 Sint
492 2865 594 2918 QTP
613 2878 636 2913 ct
655 2869 743 2917 STN

260 2925 368 2984 negativi,
380 2923 443 2971 solus
454 2925 507 2972 verd
519 2927 544 2972 N
557 2929 579 2974 T
591 2929 613 2976 P
623 2931 741 2989 positivus,

260 2987 290 3032 sit
302 2987 327 3034 N
337 2988 442 3034 Pminor
449 2988 742 3054 quadrante,rotropreduc-

260 3051 289 3096 tis
299 3051 374 3106 lineis,
385 3049 439 3098 cum
455 3051 477 3098 L
492 3053 522 3098 sit
531 3057 641 3102 remotius
657 3073 671 3104 a
689 3060 743 3104 Sole

259 3111 330 3174 quim
343 3115 379 3168 Μ.
397 3115 441 3161 erit
455 3115 463 3161 l
480 3117 510 3178 ob
520 3115 703 3168 decussationem
714 3121 743 3166 li·
844 3167 851 3175 ,

259 3178 661 3306 terminet
670 3181 743 3297 tit

318 3291 323 3300 ι
734 3282 740 3305 ἱ

259 3302 299 3349 sed
317 3305 372 3364 quia
387 3304 425 3352 hie
444 3307 546 3369 angulus
564 3319 599 3356 est
614 3313 741 3374 negativus,

217 3419 220 3426 .
259 3367 428 3426 complementa
441 3369 471 3415 ad
482 3382 664 3432 quatuorreotos
674 3386 743 3429 erunt
784 3387 802 3434 s

259 3429 379 3486 sumenda,
387 3440 410 3478 et
416 3447 482 3478 arcus
491 3435 514 3480 A
522 3435 548 3490 Q
556 3435 606 3482 PV
615 3440 689 3502 major
700 3443 743 3489 erit

224 3491 232 3531 .’
258 3507 313 3538 arcu
324 3494 347 3538 A
354 3495 380 3548 Q
389 3495 448 3552 ΡΝ,
457 3511 513 3558 ergo
521 3496 596 3544 nodus
603 3504 739 3562 regreditur.

292 3555 327 3602 Sit
346 3557 371 3602 N
389 3557 411 3604 P
429 3560 503 3621 major
520 3561 655 3622 quadrante,
675 3567 742 3614 lineis

258 3619 281 3666 P
293 3619 330 3676 M,
344 3619 366 3666 P
378 3621 399 3667 L
411 3623 528 3682 productis
538 3637 659 3675 occurrent
670 3630 741 3690 eclip-

257 3683 333 3730 tiores
344 3695 408 3745 parte
418 3688 499 3745 puncti
516 3703 538 3742 n,
557 3698 581 3735 et
590 3702 684 3751 propter
698 3709 740 3749 an-

257 3748 348 3824 gulum·
361 3748 387 3803 Q
398 3749 420 3796 T
432 3749 454 3796 P
469 3752 603 3814 negativum
609 3753 669 3806 adm
681 3757 701 3804 P
711 3758 741 3806 sit

255 3811 548 3940 ssfflfficuslgleqqlgss
562 3819 672 3941 Mltetht
683 3822 740 3932 ideId

256 3939 357 3998 angulus
376 3941 400 3987 A
420 3941 442 3988 T
461 3957 477 3986 n
499 3943 576 3990 minor
597 3956 632 3993 est
652 3949 740 4012 angulo
827 3975 831 3990 ι

258 4002 281 4045 A
294 4003 336 4048 Ti
352 4013 375 4050 et
390 4004 587 4065 complementum
599 4009 680 4066 prioris
695 4029 737 4063 en.

255 4063 306 4136 guli
320 4068 342 4112 A
353 4068 375 4114 T
387 4069 412 4115 N
423 4069 497 4144 rnajor
506 4078 541 4117 est
551 4072 639 4133 angulo
653 4075 676 4121 A
686 4076 746 4138 TV,
758 4083 798 4129 sed
812 4085 833 4130 A
846 4095 881 4134 eet
912 4055 1059 4152 quadraturae
1075 4107 1091 4140 a
1106 4092 1170 4141 nodo
1189 4094 1298 4144 fflsuntia
1317 4097 1445 4160 quadrante
1463 4099 1539 4163 major

256 4139 281 4170 ιιι
291 4131 450 4200 antecedentia
459 4145 564 4194 respectu
575 4139 655 4194 puncti
668 4139 700 4196 N,
712 4159 768 4206 ergo
778 4147 847 4194 etiam
857 4151 882 4197 V
912 4168 961 4200 non
971 4156 1008 4202 sit.

474 4197 479 4208 '
537 4208 606 4258 pectu
615 4203 697 4260 puncti
706 4206 738 4264 N,
750 4211 882 4272 regreditur
947 4217 982 4264 Sit
992 4219 1054 4266 enim
1065 4220 1167 4282 angulus
1179 4228 1202 4268 A
1215 4222 1238 4269 T
1249 4221 1275 4268 N
1290 4223 1409 4284 positivus,
1426 4228 1538 4289 quoniam

423 4321 429 4332 ,
912 4279 984 4329 Luna
994 4283 1042 4339 sive
1052 4285 1206 4343 punctumP
1221 4294 1256 4332 est
1266 4288 1424 4349 interpuncta
1442 4292 1468 4346 Q
1477 4302 1500 4338 et
1512 4292 1538 4337 N

289 4320 339 4394 qai·
352 4325 374 4393 33
386 4381 392 4395 ⁴
406 4323 457 4369 ΒΜ
467 4325 514 4374 ST
521 4327 546 4374 N
554 4336 577 4376 0¹
587 4328 612 4384 N.
621 4329 643 4377 Τ
653 4329 788 4396 Pnegativi,
800 4337 879 4391 QTP
910 4343 946 4390 vel
966 4361 980 4406 q
998 4358 1022 4392 et
1039 4362 1056 4391 n
1075 4362 1103 4392 ex
1122 4349 1251 4408 hypothesi,
1269 4351 1380 4403 alteruter
1396 4370 1425 4400 ex
1443 4354 1539 4416 ungulis

255 4393 310 4454 vert?
326 4391 443 4442 poeltrwn
464 4399 578 4459 punctum
597 4393 619 4440 L
637 4404 672 4442 est
691 4397 766 4444 ubivis
784 4401 879 4461 propius
913 4406 939 4460 Q
950 4408 972 4454 T
984 4409 1012 4463 P,
1031 4410 1056 4456 N
1068 4411 1091 4456 T
1104 4410 1125 4456 P
1140 4412 1184 4458 erit
1193 4413 1311 4472 positivus,
1328 4419 1385 4464 alter
1401 4417 1536 4478 negativus3

257 4443 306 4489 3⁰¹¹
317 4446 387 4506 quim
405 4447 442 4504 Μ,
460 4463 479 4494 ⁵1
497 4453 518 4498 P
533 4455 611 4504 minus
627 4459 701 4507 tribus
715 4462 882 4523 quadrantibus
913 4483 968 4515 nam
978 4472 1008 4517 sit
1019 4472 1044 4518 N
1055 4473 1091 4518 vei
1102 4488 1118 4518 n
1128 4474 1317 4526 insemi-eireulo
1327 4482 1413 4541 QBq,
1423 4481 1539 4542 tumqqu

256 4507 325 4554 distet
335 4511 365 4555 ab
379 4510 410 4564 N,
423 4515 639 4572 retroproducendoe
655 4534 710 4572 sunt
726 4525 794 4575 linere
808 4529 830 4575 P
842 4531 879 4588 M,
914 4532 937 4579 P
947 4542 982 4579 est
992 4536 1053 4583 inter
1065 4537 1136 4591 Qvel
1146 4554 1162 4600 q
1173 4549 1196 4587 et
1208 4541 1232 4587 N
1244 4541 1280 4588 rel
1291 4559 1314 4600 n,
1331 4544 1375 4592 en't
1387 4545 1409 4590 P
1418 4543 1443 4590 in
1454 4545 1538 4592 eodem

256 4570 278 4617 Ρ
291 4572 321 4627 L,
333 4587 346 4618 θ
357 4582 421 4632 Parte
431 4577 512 4650 puncti
523 4593 539 4622 n
550 4590 574 4625 et
584 4583 627 4630 erit
641 4587 661 4630 A
673 4589 711 4634 Ti
723 4591 797 4654 majus
808 4593 880 4654 qudm
911 4597 1067 4646 semi-circuio
1085 4601 1111 4655 Q
1127 4602 1148 4652 B
1164 4618 1187 4664 q,
1206 4603 1310 4666 idedque
1324 4607 1425 4670 angulus
1444 4595 1538 4663 QTP
1627 4616 1630 4623 ’

256 4636 280 4682 A
294 4636 317 4684 T
327 4650 350 4694 n,
368 4638 408 4686 sed
419 4653 475 4700 qura
487 4641 503 4688 S
516 4643 538 4689 T
550 4643 575 4688 N
585 4654 620 4692 est
630 4653 760 4712 negativus,
777 4671 793 4702 n
809 4667 844 4704 est
853 4658 880 4704 in
911 4661 956 4707 erit
965 4663 1094 4724 negativus,
1103 4665 1144 4713 sed
1152 4667 1255 4730 angulus
1266 4669 1291 4716 N
1300 4665 1323 4718 T
1333 4671 1355 4720 P
1365 4671 1408 4720 erit
1415 4673 1538 4733 positivus,
