<?xml version="1.0" encoding="UTF-8"?>
<!DOCTYPE html PUBLIC "-//W3C//DTD XHTML 1.0 Transitional//EN"
    "http://www.w3.org/TR/xhtml1/DTD/xhtml1-transitional.dtd">
<html xmlns="http://www.w3.org/1999/xhtml" xml:lang="en" lang="en">
 <head>
  <title>
</title>
<meta http-equiv="Content-Type" content="text/html;charset=utf-8" />
  <meta name='ocr-system' content='tesseract 3.04.00' />
  <meta name='ocr-capabilities' content='ocr_page ocr_carea ocr_par ocr_line ocrx_word'/>
</head>
<body>
  <div class='ocr_page' id='page_1' title='image "./philosophinatur04wriggoog_0172.png"; bbox 0 0 3392 5675; ppageno 0'>
   <div class='ocr_carea' id='block_1_1' title="bbox 166 433 1451 539">
    <p class='ocr_par' dir='ltr' id='par_1_1' title="bbox 166 433 1451 539">
     <span class='ocr_line' id='line_1_1' title="bbox 166 433 1451 539; baseline 0 -36"><span class='ocrx_word' id='word_1_1' title='bbox 166 435 471 519; x_wconf 65' lang='lat' dir='ltr'><strong>Linamenta]</strong></span> <span class='ocrx_word' id='word_1_2' title='bbox 498 436 741 505; x_wconf 86' lang='lat' dir='ltr'>PRINCIPIA</span> <span class='ocrx_word' id='word_1_3' title='bbox 763 436 1134 539; x_wconf 86' lang='lat' dir='ltr'>MATHEMATICA.</span> <span class='ocrx_word' id='word_1_4' title='bbox 1394 433 1451 505; x_wconf 85' lang='lat'><strong>161</strong></span> 
     </span>
    </p>
   </div>
   <div class='ocr_carea' id='block_1_2' title="bbox 122 607 1524 2419">
    <p class='ocr_par' dir='ltr' id='par_1_2' title="bbox 163 607 1500 809">
     <span class='ocr_line' id='line_1_2' title="bbox 166 607 1500 701; baseline 0.001 -26"><span class='ocrx_word' id='word_1_5' title='bbox 166 610 247 677; x_wconf 85' lang='lat' dir='ltr'><strong>Erat</strong></span> <span class='ocrx_word' id='word_1_6' title='bbox 262 610 303 677; x_wconf 93' lang='lat' dir='ltr'><strong>M</strong></span> <span class='ocrx_word' id='word_1_7' title='bbox 317 612 405 677; x_wconf 87' lang='lat' dir='ltr'><strong>stella</strong></span> <span class='ocrx_word' id='word_1_8' title='bbox 418 612 590 701; x_wconf 81' lang='lat' dir='ltr'><strong>perexigua</strong></span> <span class='ocrx_word' id='word_1_9' title='bbox 604 634 675 700; x_wconf 87' lang='lat' dir='ltr'><strong>quae</strong></span> <span class='ocrx_word' id='word_1_10' title='bbox 688 634 747 697; x_wconf 86' lang='lat' dir='ltr'><strong>per</strong></span> <span class='ocrx_word' id='word_1_11' title='bbox 760 612 961 699; x_wconf 81' lang='lat' dir='ltr'><strong>telescopium</strong></span> <span class='ocrx_word' id='word_1_12' title='bbox 972 613 1070 677; x_wconf 88' lang='lat' dir='ltr'><strong>videri</strong></span> <span class='ocrx_word' id='word_1_13' title='bbox 1081 613 1135 677; x_wconf 89' lang='lat' dir='ltr'><strong>vix</strong></span> <span class='ocrx_word' id='word_1_14' title='bbox 1147 612 1260 698; x_wconf 82' lang='lat' dir='ltr'><strong>potuit,</strong></span> <span class='ocrx_word' id='word_1_15' title='bbox 1277 623 1309 676; x_wconf 93' lang='lat' dir='ltr'><strong>et</strong></span> <span class='ocrx_word' id='word_1_16' title='bbox 1324 613 1354 676; x_wconf 93' lang='lat' dir='ltr'>L</span> <span class='ocrx_word' id='word_1_17' title='bbox 1367 612 1456 677; x_wconf 87' lang='lat' dir='ltr'><strong>stella</strong></span> <span class='ocrx_word' id='word_1_18' title='bbox 1496 607 1500 617; x_wconf 75' lang='grc'><em>’</em></span> 
     </span>
     <span class='ocr_line' id='line_1_3' title="bbox 163 716 1194 809; baseline 0.006 -26"><span class='ocrx_word' id='word_1_19' title='bbox 163 721 266 806; x_wconf 86' lang='lat' dir='ltr'><strong>major</strong></span> <span class='ocrx_word' id='word_1_20' title='bbox 279 724 367 808; x_wconf 83' lang='lat' dir='ltr'><strong>quasi</strong></span> <span class='ocrx_word' id='word_1_21' title='bbox 381 724 604 809; x_wconf 79' lang='lat' dir='ltr'><strong>magnitudinis</strong></span> <span class='ocrx_word' id='word_1_22' title='bbox 620 734 747 788; x_wconf 83' lang='lat' dir='ltr'><strong>octavae.</strong></span> <span class='ocrx_word' id='word_1_23' title='bbox 1192 716 1194 721; x_wconf 64' lang='grc'><strong>’</strong></span> 
     </span>
    </p>

    <p class='ocr_par' dir='ltr' id='par_1_3' title="bbox 163 818 1456 1126">
     <span class='ocr_line' id='line_1_4' title="bbox 208 818 1456 917; baseline -0.003 -22"><span class='ocrx_word' id='word_1_24' title='bbox 208 829 274 895; x_wconf 91' lang='lat' dir='ltr'><strong>Die</strong></span> <span class='ocrx_word' id='word_1_25' title='bbox 298 818 408 895; x_wconf 54' lang='lat' dir='ltr'><strong>Lunae&#39;</strong></span> <span class='ocrx_word' id='word_1_26' title='bbox 426 830 524 895; x_wconf 84' lang='lat' dir='ltr'><strong>Mart.</strong></span> <span class='ocrx_word' id='word_1_27' title='bbox 552 838 581 897; x_wconf 83' lang='lat'><strong>7.</strong></span> <span class='ocrx_word' id='word_1_28' title='bbox 595 830 665 895; x_wconf 91' lang='lat' dir='ltr'><strong>hor.</strong></span> <span class='ocrx_word' id='word_1_29' title='bbox 680 838 726 917; x_wconf 53' lang='lat'><strong>95·</strong></span> <span class='ocrx_word' id='word_1_30' title='bbox 734 851 766 914; x_wconf 91' lang='lat' dir='ltr'><strong>p.</strong></span> <span class='ocrx_word' id='word_1_31' title='bbox 781 852 823 893; x_wconf 90' lang='lat' dir='ltr'><strong>m.</strong></span> <span class='ocrx_word' id='word_1_32' title='bbox 838 827 958 893; x_wconf 70' lang='lat' dir='ltr'><strong>cometis</strong></span> <span class='ocrx_word' id='word_1_33' title='bbox 985 828 1136 893; x_wconf 77' lang='lat' dir='ltr'><strong>existente</strong></span> <span class='ocrx_word' id='word_1_34' title='bbox 1157 829 1191 891; x_wconf 92' lang='lat' dir='ltr'><strong>in</strong></span> <span class='ocrx_word' id='word_1_35' title='bbox 1216 829 1256 905; x_wconf 93' lang='lat' dir='ltr'><strong>V,</strong></span> <span class='ocrx_word' id='word_1_36' title='bbox 1281 839 1366 893; x_wconf 83' lang='lat' dir='ltr'><strong>recta</strong></span> <span class='ocrx_word' id='word_1_37' title='bbox 1389 828 1422 893; x_wconf 89' lang='lat' dir='ltr'>V</span> <span class='ocrx_word' id='word_1_38' title='bbox 1435 854 1456 891; x_wconf 81' lang='lat' dir='ltr'><strong>a</strong></span> 
     </span>
     <span class='ocr_line' id='line_1_5' title="bbox 163 920 1456 1033; baseline 0.002 -34"><span class='ocrx_word' id='word_1_39' title='bbox 163 937 321 1033; x_wconf 87' lang='lat' dir='ltr'><strong>producta</strong></span> <span class='ocrx_word' id='word_1_40' title='bbox 334 937 486 1004; x_wconf 83' lang='lat' dir='ltr'><strong>transibat</strong></span> <span class='ocrx_word' id='word_1_41' title='bbox 500 938 581 1002; x_wconf 90' lang='lat' dir='ltr'><strong>inter</strong></span> <span class='ocrx_word' id='word_1_42' title='bbox 597 938 626 1002; x_wconf 93' lang='lat' dir='ltr'>B</span> <span class='ocrx_word' id='word_1_43' title='bbox 641 948 673 1001; x_wconf 92' lang='lat' dir='ltr'><strong>et</strong></span> <span class='ocrx_word' id='word_1_44' title='bbox 688 936 725 1013; x_wconf 89' lang='lat' dir='ltr'><strong>F,</strong></span> <span class='ocrx_word' id='word_1_45' title='bbox 742 920 883 999; x_wconf 84' lang='lat' dir='ltr'><strong>auferens</strong></span> <span class='ocrx_word' id='word_1_46' title='bbox 898 934 962 998; x_wconf 80' lang='lat' dir='ltr'><strong>aB</strong></span> <span class='ocrx_word' id='word_1_47' title='bbox 978 934 1005 997; x_wconf 89' lang='lat' dir='ltr'><strong>F</strong></span> <span class='ocrx_word' id='word_1_48' title='bbox 1019 954 1126 998; x_wconf 89' lang='lat' dir='ltr'><strong>versus</strong></span> <span class='ocrx_word' id='word_1_49' title='bbox 1143 935 1170 998; x_wconf 89' lang='lat' dir='ltr'><strong>F</strong></span> <span class='ocrx_word' id='word_1_50' title='bbox 1183 937 1224 1015; x_wconf 59' lang='lat'><strong>,¹35</strong></span> <span class='ocrx_word' id='word_1_51' title='bbox 1240 935 1269 999; x_wconf 93' lang='lat' dir='ltr'><strong>B</strong></span> <span class='ocrx_word' id='word_1_52' title='bbox 1285 934 1322 1011; x_wconf 86' lang='lat' dir='ltr'><strong>F,</strong></span> <span class='ocrx_word' id='word_1_53' title='bbox 1343 945 1376 998; x_wconf 91' lang='lat' dir='ltr'><strong>et</strong></span> <span class='ocrx_word' id='word_1_54' title='bbox 1388 948 1456 1002; x_wconf 87' lang='lat' dir='ltr'><strong>erat</strong></span> 
     </span>
     <span class='ocr_line' id='line_1_6' title="bbox 164 1041 1412 1126; baseline 0.002 -21"><span class='ocrx_word' id='word_1_55' title='bbox 164 1042 207 1105; x_wconf 91' lang='lat' dir='ltr'><strong>ad</strong></span> <span class='ocrx_word' id='word_1_56' title='bbox 221 1055 339 1107; x_wconf 87' lang='lat' dir='ltr'><strong>rectam</strong></span> <span class='ocrx_word' id='word_1_57' title='bbox 354 1044 385 1107; x_wconf 90' lang='lat' dir='ltr'><strong>V</strong></span> <span class='ocrx_word' id='word_1_58' title='bbox 398 1047 421 1119; x_wconf 83' lang='grc' dir='ltr'>β</span> <span class='ocrx_word' id='word_1_59' title='bbox 434 1057 469 1108; x_wconf 92' lang='lat' dir='ltr'><strong>nt</strong></span> <span class='ocrx_word' id='word_1_60' title='bbox 484 1052 504 1109; x_wconf 81' lang='lat'><em>5</em></span> <span class='ocrx_word' id='word_1_61' title='bbox 519 1043 561 1108; x_wconf 87' lang='lat' dir='ltr'><strong>ad</strong></span> <span class='ocrx_word' id='word_1_62' title='bbox 575 1053 606 1107; x_wconf 81' lang='lat' dir='ltr'><strong>t.</strong></span> <span class='ocrx_word' id='word_1_63' title='bbox 651 1043 694 1108; x_wconf 87' lang='lat' dir='ltr'><strong>Et</strong></span> <span class='ocrx_word' id='word_1_64' title='bbox 709 1041 855 1107; x_wconf 84' lang='lat' dir='ltr'><strong>distantia</strong></span> <span class='ocrx_word' id='word_1_65' title='bbox 874 1052 1005 1106; x_wconf 80' lang='lat' dir='ltr'><strong>cometae</strong></span> <span class='ocrx_word' id='word_1_66' title='bbox 1019 1064 1038 1105; x_wconf 89' lang='lat' dir='ltr'><strong>a</strong></span> <span class='ocrx_word' id='word_1_67' title='bbox 1052 1041 1137 1107; x_wconf 73' lang='lat' dir='ltr'><strong>rectit</strong></span> <span class='ocrx_word' id='word_1_68' title='bbox 1152 1069 1171 1103; x_wconf 84' lang='lat' dir='ltr'><strong>u</strong></span> <span class='ocrx_word' id='word_1_69' title='bbox 1184 1046 1207 1119; x_wconf 87' lang='grc' dir='ltr'><em>β</em></span> <span class='ocrx_word' id='word_1_70' title='bbox 1220 1058 1288 1108; x_wconf 86' lang='lat' dir='ltr'><strong>erat</strong></span> <span class='ocrx_word' id='word_1_71' title='bbox 1301 1048 1321 1126; x_wconf 56' lang='grc' dir='ltr'>ξ</span> <span class='ocrx_word' id='word_1_72' title='bbox 1337 1044 1368 1107; x_wconf 92' lang='lat' dir='ltr'>V</span> <span class='ocrx_word' id='word_1_73' title='bbox 1381 1046 1412 1120; x_wconf 89' lang='grc' dir='ltr'><strong>β.</strong></span> 
     </span>
    </p>

    <p class='ocr_par' dir='ltr' id='par_1_4' title="bbox 163 1143 1453 1459">
     <span class='ocr_line' id='line_1_7' title="bbox 211 1143 1453 1246; baseline 0.002 -33"><span class='ocrx_word' id='word_1_74' title='bbox 211 1143 273 1213; x_wconf 85' lang='lat' dir='ltr'><strong>Die</strong></span> <span class='ocrx_word' id='word_1_75' title='bbox 289 1149 442 1215; x_wconf 84' lang='lat' dir='ltr'><strong>Mercurii</strong></span> <span class='ocrx_word' id='word_1_76' title='bbox 457 1148 554 1215; x_wconf 84' lang='lat' dir='ltr'><strong>Mart.</strong></span> <span class='ocrx_word' id='word_1_77' title='bbox 571 1158 602 1216; x_wconf 91' lang='lat'><strong>9.</strong></span> <span class='ocrx_word' id='word_1_78' title='bbox 619 1147 696 1213; x_wconf 69' lang='lat' dir='ltr'><strong>horsi</strong></span> <span class='ocrx_word' id='word_1_79' title='bbox 713 1146 800 1232; x_wconf 54' lang='lat' dir='ltr'><strong>Sip.</strong></span> <span class='ocrx_word' id='word_1_80' title='bbox 816 1170 858 1211; x_wconf 92' lang='lat' dir='ltr'><strong>m.</strong></span> <span class='ocrx_word' id='word_1_81' title='bbox 874 1147 995 1213; x_wconf 76' lang='lat' dir='ltr'><strong>cometd</strong></span> <span class='ocrx_word' id='word_1_82' title='bbox 1009 1148 1160 1246; x_wconf 67' lang='lat' dir='ltr'><strong>existente</strong></span> <span class='ocrx_word' id='word_1_83' title='bbox 1173 1149 1208 1213; x_wconf 90' lang='lat' dir='ltr'><strong>in</strong></span> <span class='ocrx_word' id='word_1_84' title='bbox 1223 1149 1268 1227; x_wconf 91' lang='lat' dir='ltr'><strong>X,</strong></span> <span class='ocrx_word' id='word_1_85' title='bbox 1284 1162 1370 1215; x_wconf 84' lang='lat' dir='ltr'><strong>recta</strong></span> <span class='ocrx_word' id='word_1_86' title='bbox 1383 1177 1404 1233; x_wconf 79' lang='grc' dir='ltr'><em>γ</em></span> <span class='ocrx_word' id='word_1_87' title='bbox 1418 1150 1453 1215; x_wconf 89' lang='grc' dir='ltr'>Χ</span> 
     </span>
     <span class='ocr_line' id='line_1_8' title="bbox 163 1252 1453 1341; baseline 0.003 -22"><span class='ocrx_word' id='word_1_88' title='bbox 163 1252 294 1341; x_wconf 80' lang='lat' dir='ltr'><strong>aequalis</strong></span> <span class='ocrx_word' id='word_1_89' title='bbox 315 1267 382 1320; x_wconf 88' lang='lat' dir='ltr'><strong>erat</strong></span> <span class='ocrx_word' id='word_1_90' title='bbox 402 1258 494 1337; x_wconf 58' lang='lat' dir='ltr'><strong>lyd,</strong></span> <span class='ocrx_word' id='word_1_91' title='bbox 515 1267 547 1319; x_wconf 88' lang='lat' dir='ltr'><strong>et</strong></span> <span class='ocrx_word' id='word_1_92' title='bbox 565 1253 824 1340; x_wconf 85' lang='lat' dir='ltr'><strong>perpendiculum</strong></span> <span class='ocrx_word' id='word_1_93' title='bbox 844 1253 1014 1320; x_wconf 90' lang='lat' dir='ltr'><strong>demissum</strong></span> <span class='ocrx_word' id='word_1_94' title='bbox 1028 1276 1048 1318; x_wconf 90' lang='lat' dir='ltr'><strong>a</strong></span> <span class='ocrx_word' id='word_1_95' title='bbox 1062 1252 1150 1341; x_wconf 70' lang='lat' dir='ltr'><strong>stellis</strong></span> <span class='ocrx_word' id='word_1_96' title='bbox 1165 1259 1180 1315; x_wconf 81' lang='grc' dir='ltr'>δ</span> <span class='ocrx_word' id='word_1_97' title='bbox 1193 1254 1235 1319; x_wconf 91' lang='lat' dir='ltr'><strong>ad</strong></span> <span class='ocrx_word' id='word_1_98' title='bbox 1248 1268 1364 1321; x_wconf 87' lang='lat' dir='ltr'><strong>rectam</strong></span> <span class='ocrx_word' id='word_1_99' title='bbox 1382 1284 1403 1341; x_wconf 84' lang='lat' dir='ltr'><em>y</em></span> <span class='ocrx_word' id='word_1_100' title='bbox 1418 1258 1453 1323; x_wconf 91' lang='lat' dir='ltr'>X</span> 
     </span>
     <span class='ocr_line' id='line_1_9' title="bbox 163 1371 338 1459; baseline -0.011 -27"><span class='ocrx_word' id='word_1_101' title='bbox 163 1376 232 1433; x_wconf 79' lang='lat' dir='ltr'><strong>erat</strong></span> <span class='ocrx_word' id='word_1_102' title='bbox 245 1372 300 1459; x_wconf 59' lang='lat' dir='ltr'><strong>{y</strong></span> <span class='ocrx_word' id='word_1_103' title='bbox 315 1371 338 1430; x_wconf 82' lang='grc' dir='ltr'><strong>δ.</strong></span> 
     </span>
    </p>

    <p class='ocr_par' dir='ltr' id='par_1_5' title="bbox 122 1468 1524 1970">
     <span class='ocr_line' id='line_1_10' title="bbox 209 1468 1455 1559; baseline -0.001 -19"><span class='ocrx_word' id='word_1_104' title='bbox 209 1472 331 1540; x_wconf 75' lang='lat' dir='ltr'><strong>Eadem</strong></span> <span class='ocrx_word' id='word_1_105' title='bbox 352 1484 448 1543; x_wconf 81' lang='lat' dir='ltr'><strong>nocte</strong></span> <span class='ocrx_word' id='word_1_106' title='bbox 469 1470 548 1537; x_wconf 72' lang='lat' dir='ltr'><strong>honi</strong></span> <span class='ocrx_word' id='word_1_107' title='bbox 570 1478 620 1549; x_wconf 70' lang='lat' dir='ltr'><strong>lt,</strong></span> <span class='ocrx_word' id='word_1_108' title='bbox 648 1468 770 1538; x_wconf 77' lang='lat' dir='ltr'><strong>corneti</strong></span> <span class='ocrx_word' id='word_1_109' title='bbox 790 1470 942 1537; x_wconf 85' lang='lat' dir='ltr'><strong>existente</strong></span> <span class='ocrx_word' id='word_1_110' title='bbox 955 1471 989 1535; x_wconf 93' lang='lat' dir='ltr'><strong>in</strong></span> <span class='ocrx_word' id='word_1_111' title='bbox 1003 1470 1045 1549; x_wconf 89' lang='lat' dir='ltr'><strong>Y,</strong></span> <span class='ocrx_word' id='word_1_112' title='bbox 1066 1482 1152 1554; x_wconf 83' lang='lat' dir='ltr'><strong>recta</strong></span> <span class='ocrx_word' id='word_1_113' title='bbox 1164 1498 1185 1555; x_wconf 77' lang='lat' dir='ltr'><em>y</em></span> <span class='ocrx_word' id='word_1_114' title='bbox 1198 1472 1231 1537; x_wconf 94' lang='lat' dir='ltr'><strong>Y</strong></span> <span class='ocrx_word' id='word_1_115' title='bbox 1244 1472 1372 1559; x_wconf 86' lang='lat' dir='ltr'><strong>aequalis</strong></span> <span class='ocrx_word' id='word_1_116' title='bbox 1387 1487 1455 1539; x_wconf 86' lang='lat' dir='ltr'><strong>erat</strong></span> 
     </span>
     <span class='ocr_line' id='line_1_11' title="bbox 162 1577 1455 1667; baseline -0.001 -24"><span class='ocrx_word' id='word_1_117' title='bbox 162 1588 182 1665; x_wconf 52' lang='grc' dir='ltr'><strong>ᾗ</strong></span> <span class='ocrx_word' id='word_1_118' title='bbox 197 1608 218 1664; x_wconf 76' lang='grc' dir='ltr'><em>γ</em></span> <span class='ocrx_word' id='word_1_119' title='bbox 232 1587 258 1659; x_wconf 81' lang='lat' dir='ltr'><strong>t,</strong></span> <span class='ocrx_word' id='word_1_120' title='bbox 274 1592 329 1647; x_wconf 90' lang='lat' dir='ltr'><strong>aut</strong></span> <span class='ocrx_word' id='word_1_121' title='bbox 341 1582 437 1667; x_wconf 90' lang='lat' dir='ltr'><strong>paulo</strong></span> <span class='ocrx_word' id='word_1_122' title='bbox 451 1580 563 1658; x_wconf 89' lang='lat' dir='ltr'><strong>minor,</strong></span> <span class='ocrx_word' id='word_1_123' title='bbox 579 1577 656 1665; x_wconf 71' lang='lat' dir='ltr'><strong>puta</strong></span> <span class='ocrx_word' id='word_1_124' title='bbox 667 1579 709 1659; x_wconf 57' lang='grc' dir='ltr'><em>ἦ</em></span> <span class='ocrx_word' id='word_1_125' title='bbox 723 1605 743 1662; x_wconf 74' lang='lat'><em>7</em></span> <span class='ocrx_word' id='word_1_126' title='bbox 757 1584 781 1656; x_wconf 82' lang='grc' dir='ltr'><strong>δ,</strong></span> <span class='ocrx_word' id='word_1_127' title='bbox 801 1591 833 1643; x_wconf 93' lang='lat' dir='ltr'><strong>et</strong></span> <span class='ocrx_word' id='word_1_128' title='bbox 846 1578 1105 1663; x_wconf 88' lang='lat' dir='ltr'><strong>perpendiculum</strong></span> <span class='ocrx_word' id='word_1_129' title='bbox 1119 1579 1288 1646; x_wconf 88' lang='lat' dir='ltr'><strong>demissum</strong></span> <span class='ocrx_word' id='word_1_130' title='bbox 1303 1603 1323 1644; x_wconf 90' lang='lat' dir='ltr'><strong>a</strong></span> <span class='ocrx_word' id='word_1_131' title='bbox 1336 1580 1424 1645; x_wconf 72' lang='lat' dir='ltr'><strong>stellis</strong></span> <span class='ocrx_word' id='word_1_132' title='bbox 1439 1587 1455 1642; x_wconf 83' lang='lat' dir='ltr'><strong>t</strong></span> 
     </span>
     <span class='ocr_line' id='line_1_12' title="bbox 161 1665 1524 1773; baseline -0.001 -21"><span class='ocrx_word' id='word_1_133' title='bbox 161 1688 204 1752; x_wconf 85' lang='lat' dir='ltr'><strong>ad</strong></span> <span class='ocrx_word' id='word_1_134' title='bbox 220 1701 335 1753; x_wconf 85' lang='lat' dir='ltr'><strong>rectam</strong></span> <span class='ocrx_word' id='word_1_135' title='bbox 350 1714 371 1771; x_wconf 78' lang='lat' dir='ltr'><em>y</em></span> <span class='ocrx_word' id='word_1_136' title='bbox 384 1688 417 1753; x_wconf 93' lang='lat' dir='ltr'><strong>Y</strong></span> <span class='ocrx_word' id='word_1_137' title='bbox 432 1687 559 1773; x_wconf 86' lang='lat' dir='ltr'><strong>aequalis</strong></span> <span class='ocrx_word' id='word_1_138' title='bbox 574 1696 641 1750; x_wconf 87' lang='lat' dir='ltr'><strong>erat</strong></span> <span class='ocrx_word' id='word_1_139' title='bbox 660 1690 745 1769; x_wconf 55' lang='grc' dir='ltr'><strong>ὲγὸ</strong></span> <span class='ocrx_word' id='word_1_140' title='bbox 761 1682 811 1749; x_wconf 88' lang='lat' dir='ltr'><strong>vel</strong></span> <span class='ocrx_word' id='word_1_141' title='bbox 830 1688 851 1768; x_wconf 64' lang='lat' dir='ltr'><strong>l,</strong></span> <span class='ocrx_word' id='word_1_142' title='bbox 866 1690 915 1767; x_wconf 68' lang='lat' dir='ltr'><strong>Ji</strong></span> <span class='ocrx_word' id='word_1_143' title='bbox 932 1684 1063 1749; x_wconf 87' lang='lat' dir='ltr'><strong>circiter.</strong></span> <span class='ocrx_word' id='word_1_144' title='bbox 1109 1684 1172 1749; x_wconf 86' lang='lat' dir='ltr'><strong>Sed</strong></span> <span class='ocrx_word' id='word_1_145' title='bbox 1187 1698 1309 1751; x_wconf 87' lang='lat' dir='ltr'><strong>cometa</strong></span> <span class='ocrx_word' id='word_1_146' title='bbox 1323 1688 1365 1751; x_wconf 93' lang='lat' dir='ltr'><strong>ob</strong></span> <span class='ocrx_word' id='word_1_147' title='bbox 1379 1689 1454 1751; x_wconf 88' lang='lat' dir='ltr'><strong>vici-</strong></span> <span class='ocrx_word' id='word_1_148' title='bbox 1520 1665 1524 1671; x_wconf 34' lang='lat'><strong><em>¹</em></strong></span> 
     </span>
     <span class='ocr_line' id='line_1_13' title="bbox 160 1776 1453 1884; baseline 0.003 -25"><span class='ocrx_word' id='word_1_149' title='bbox 160 1796 248 1860; x_wconf 89' lang='lat' dir='ltr'><strong>niam</strong></span> <span class='ocrx_word' id='word_1_150' title='bbox 261 1796 431 1860; x_wconf 88' lang='lat' dir='ltr'><strong>horizontis</strong></span> <span class='ocrx_word' id='word_1_151' title='bbox 446 1796 532 1861; x_wconf 90' lang='lat' dir='ltr'><strong>cerni</strong></span> <span class='ocrx_word' id='word_1_152' title='bbox 546 1795 600 1859; x_wconf 83' lang='lat' dir='ltr'><strong>vix</strong></span> <span class='ocrx_word' id='word_1_153' title='bbox 613 1793 724 1879; x_wconf 86' lang='lat' dir='ltr'><strong>potuit,</strong></span> <span class='ocrx_word' id='word_1_154' title='bbox 739 1814 798 1858; x_wconf 90' lang='lat' dir='ltr'><strong>nec</strong></span> <span class='ocrx_word' id='word_1_155' title='bbox 813 1793 901 1861; x_wconf 86' lang='lat' dir='ltr'><strong>locus</strong></span> <span class='ocrx_word' id='word_1_156' title='bbox 915 1794 982 1879; x_wconf 90' lang='lat' dir='ltr'><strong>ejus</strong></span> <span class='ocrx_word' id='word_1_157' title='bbox 996 1807 1061 1859; x_wconf 85' lang='lat' dir='ltr'><strong>tam</strong></span> <span class='ocrx_word' id='word_1_158' title='bbox 1073 1776 1269 1861; x_wconf 63' lang='lat' dir='ltr'><strong>distincteac</strong></span> <span class='ocrx_word' id='word_1_159' title='bbox 1287 1797 1321 1861; x_wconf 89' lang='lat' dir='ltr'><strong>in</strong></span> <span class='ocrx_word' id='word_1_160' title='bbox 1333 1819 1453 1884; x_wconf 86' lang='lat' dir='ltr'><strong>praecc-</strong></span> 
     </span>
     <span class='ocr_line' id='line_1_14' title="bbox 122 1898 456 1970; baseline 0 -1"><span class='ocrx_word' id='word_1_161' title='bbox 122 1936 134 1947; x_wconf 96' lang='lat'><em>·</em></span> <span class='ocrx_word' id='word_1_162' title='bbox 159 1898 307 1970; x_wconf 85' lang='lat' dir='ltr'><strong>dentibus</strong></span> <span class='ocrx_word' id='word_1_163' title='bbox 322 1905 456 1969; x_wconf 87' lang='lat' dir='ltr'><strong>definiri.</strong></span> 
     </span>
    </p>

    <p class='ocr_par' dir='ltr' id='par_1_6' title="bbox 138 2013 1515 2419">
     <span class='ocr_line' id='line_1_15' title="bbox 205 2013 1487 2103; baseline 0 -22"><span class='ocrx_word' id='word_1_164' title='bbox 205 2016 259 2081; x_wconf 85' lang='lat' dir='ltr'><strong>Ex</strong></span> <span class='ocrx_word' id='word_1_165' title='bbox 271 2015 451 2101; x_wconf 87' lang='lat' dir='ltr'><strong>hujusmodi</strong></span> <span class='ocrx_word' id='word_1_166' title='bbox 466 2013 733 2081; x_wconf 74' lang='lat' dir='ltr'><strong>obseruationibus</strong></span> <span class='ocrx_word' id='word_1_167' title='bbox 752 2034 810 2098; x_wconf 89' lang='lat' dir='ltr'><strong>per</strong></span> <span class='ocrx_word' id='word_1_168' title='bbox 829 2013 1074 2079; x_wconf 90' lang='lat' dir='ltr'><strong>constructiones</strong></span> <span class='ocrx_word' id='word_1_169' title='bbox 1089 2014 1263 2103; x_wconf 85' lang='lat' dir='ltr'><strong>figurarum</strong></span> <span class='ocrx_word' id='word_1_170' title='bbox 1277 2026 1309 2081; x_wconf 89' lang='lat' dir='ltr'><strong>et</strong></span> <span class='ocrx_word' id='word_1_171' title='bbox 1323 2038 1452 2101; x_wconf 90' lang='lat' dir='ltr'><strong>compu-</strong></span> <span class='ocrx_word' id='word_1_172' title='bbox 1483 2056 1487 2061; x_wconf 88' lang='lat'>-</span> 
     </span>
     <span class='ocr_line' id='line_1_16' title="bbox 158 2114 1515 2215; baseline -0.001 -26"><span class='ocrx_word' id='word_1_173' title='bbox 158 2124 300 2215; x_wconf 86' lang='lat' dir='ltr'><strong>tationes¹</strong></span> <span class='ocrx_word' id='word_1_174' title='bbox 318 2120 498 2185; x_wconf 88' lang='lat' dir='ltr'><strong>derivabam</strong></span> <span class='ocrx_word' id='word_1_175' title='bbox 521 2121 560 2205; x_wconf 77' lang='lat'><strong>(⁸)</strong></span> <span class='ocrx_word' id='word_1_176' title='bbox 587 2119 797 2207; x_wconf 84' lang='lat' dir='ltr'><strong>longitudines</strong></span> <span class='ocrx_word' id='word_1_177' title='bbox 819 2132 852 2183; x_wconf 88' lang='lat' dir='ltr'><strong>et</strong></span> <span class='ocrx_word' id='word_1_178' title='bbox 871 2119 1051 2184; x_wconf 87' lang='lat' dir='ltr'><strong>latitudines</strong></span> <span class='ocrx_word' id='word_1_179' title='bbox 1072 2134 1212 2198; x_wconf 70' lang='lat' dir='ltr'><strong>cometae,</strong></span> <span class='ocrx_word' id='word_1_180' title='bbox 1234 2132 1266 2185; x_wconf 90' lang='lat' dir='ltr'><strong>et</strong></span> <span class='ocrx_word' id='word_1_181' title='bbox 1288 2123 1451 2187; x_wconf 88' lang='lat' dir='ltr'><strong>Poundius</strong></span> <span class='ocrx_word' id='word_1_182' title='bbox 1511 2114 1515 2119; x_wconf 66' lang='grc'><strong>’</strong></span> 
     </span>
     <span class='ocr_line' id='line_1_17' title="bbox 138 2220 1452 2305; baseline -0.001 -10"><span class='ocrx_word' id='word_1_183' title='bbox 138 2240 266 2295; x_wconf 79' lang='lat' dir='ltr'><strong>,noster</strong></span> <span class='ocrx_word' id='word_1_184' title='bbox 280 2248 329 2291; x_wconf 85' lang='lat' dir='ltr'><strong>ex</strong></span> <span class='ocrx_word' id='word_1_185' title='bbox 351 2226 497 2290; x_wconf 85' lang='lat' dir='ltr'><strong>correctis</strong></span> <span class='ocrx_word' id='word_1_186' title='bbox 519 2226 656 2289; x_wconf 84' lang='lat' dir='ltr'><strong>fixarum</strong></span> <span class='ocrx_word' id='word_1_187' title='bbox 676 2224 753 2288; x_wconf 91' lang='lat' dir='ltr'><strong>locis</strong></span> <span class='ocrx_word' id='word_1_188' title='bbox 773 2224 842 2288; x_wconf 91' lang='lat' dir='ltr'><strong>loca</strong></span> <span class='ocrx_word' id='word_1_189' title='bbox 865 2236 995 2288; x_wconf 76' lang='lat' dir='ltr'><strong>cometae</strong></span> <span class='ocrx_word' id='word_1_190' title='bbox 1016 2228 1162 2305; x_wconf 88' lang='lat' dir='ltr'><strong>correxit,</strong></span> <span class='ocrx_word' id='word_1_191' title='bbox 1179 2240 1211 2295; x_wconf 89' lang='lat' dir='ltr'><strong>et</strong></span> <span class='ocrx_word' id='word_1_192' title='bbox 1228 2226 1299 2292; x_wconf 90' lang='lat' dir='ltr'><strong>loca</strong></span> <span class='ocrx_word' id='word_1_193' title='bbox 1310 2220 1452 2293; x_wconf 83' lang='lat' dir='ltr'><strong>correcta</strong></span> 
     </span>
     <span class='ocr_line' id='line_1_18' title="bbox 156 2328 1452 2419; baseline 0.001 -16"><span class='ocrx_word' id='word_1_194' title='bbox 156 2338 313 2403; x_wconf 89' lang='lat' dir='ltr'><strong>habentur</strong></span> <span class='ocrx_word' id='word_1_195' title='bbox 336 2358 438 2419; x_wconf 87' lang='lat' dir='ltr'><strong>supra.</strong></span> <span class='ocrx_word' id='word_1_196' title='bbox 483 2333 690 2399; x_wconf 84' lang='lat' dir='ltr'><strong>Micrometro</strong></span> <span class='ocrx_word' id='word_1_197' title='bbox 712 2330 825 2418; x_wconf 79' lang='lat' dir='ltr'><strong>partim</strong></span> <span class='ocrx_word' id='word_1_198' title='bbox 851 2332 969 2398; x_wconf 73' lang='lat' dir='ltr'><strong>affabre</strong></span> <span class='ocrx_word' id='word_1_199' title='bbox 994 2348 1174 2413; x_wconf 83' lang='lat' dir='ltr'><strong>constructo</strong></span> <span class='ocrx_word' id='word_1_200' title='bbox 1197 2360 1273 2401; x_wconf 92' lang='lat' dir='ltr'><strong>usus</strong></span> <span class='ocrx_word' id='word_1_201' title='bbox 1293 2362 1372 2418; x_wconf 91' lang='lat' dir='ltr'><strong>sum,</strong></span> <span class='ocrx_word' id='word_1_202' title='bbox 1395 2328 1452 2405; x_wconf 84' lang='lat' dir='ltr'><strong>sed</strong></span> 
     </span>
    </p>
   </div>
   <div class='ocr_carea' id='block_1_3' title="bbox 155 2442 1546 2533">
    <p class='ocr_par' dir='ltr' id='par_1_7' title="bbox 155 2442 1546 2533">
     <span class='ocr_line' id='line_1_19' title="bbox 155 2442 1546 2533; baseline -0.001 -24"><span class='ocrx_word' id='word_1_203' title='bbox 155 2445 390 2533; x_wconf 82' lang='lat' dir='ltr'><strong>longitudinum</strong></span> <span class='ocrx_word' id='word_1_204' title='bbox 403 2454 510 2507; x_wconf 87' lang='lat' dir='ltr'><strong>tamen</strong></span> <span class='ocrx_word' id='word_1_205' title='bbox 524 2453 556 2507; x_wconf 90' lang='lat' dir='ltr'><strong>et</strong></span> <span class='ocrx_word' id='word_1_206' title='bbox 569 2442 913 2508; x_wconf 84' lang='lat' dir='ltr'><strong>latitudinum&#39;errores</strong></span> <span class='ocrx_word' id='word_1_207' title='bbox 933 2448 1098 2529; x_wconf 87' lang='lat' dir='ltr'><strong>(quatenus</strong></span> <span class='ocrx_word' id='word_1_208' title='bbox 1121 2468 1162 2510; x_wconf 84' lang='lat' dir='ltr'><strong>ex</strong></span> <span class='ocrx_word' id='word_1_209' title='bbox 1182 2447 1450 2514; x_wconf 85' lang='lat' dir='ltr'><strong>observationibus</strong></span> <span class='ocrx_word' id='word_1_210' title='bbox 1545 2505 1546 2508; x_wconf 74' lang='grc'>,</span> 
     </span>
    </p>
   </div>
   <div class='ocr_carea' id='block_1_4' title="bbox 155 2552 1523 2856">
    <p class='ocr_par' dir='ltr' id='par_1_8' title="bbox 155 2552 1523 2856">
     <span class='ocr_line' id='line_1_20' title="bbox 155 2552 1523 2638; baseline 0.001 -18"><span class='ocrx_word' id='word_1_211' title='bbox 155 2558 272 2621; x_wconf 87' lang='lat' dir='ltr'><strong>nostris</strong></span> <span class='ocrx_word' id='word_1_212' title='bbox 294 2556 448 2636; x_wconf 87' lang='lat' dir='ltr'><strong>oriantur)</strong></span> <span class='ocrx_word' id='word_1_213' title='bbox 470 2554 627 2619; x_wconf 88' lang='lat' dir='ltr'><strong>minutum</strong></span> <span class='ocrx_word' id='word_1_214' title='bbox 647 2575 748 2617; x_wconf 91' lang='lat' dir='ltr'><strong>unum</strong></span> <span class='ocrx_word' id='word_1_215' title='bbox 767 2552 907 2638; x_wconf 90' lang='lat' dir='ltr'><strong>primum</strong></span> <span class='ocrx_word' id='word_1_216' title='bbox 921 2553 975 2617; x_wconf 86' lang='lat' dir='ltr'><strong>vix</strong></span> <span class='ocrx_word' id='word_1_217' title='bbox 994 2566 1152 2638; x_wconf 86' lang='lat' dir='ltr'><strong>superant.</strong></span> <span class='ocrx_word' id='word_1_218' title='bbox 1199 2556 1331 2620; x_wconf 87' lang='lat' dir='ltr'><strong>Cometa</strong></span> <span class='ocrx_word' id='word_1_219' title='bbox 1345 2571 1450 2622; x_wconf 89' lang='lat' dir='ltr'><strong>autem</strong></span> <span class='ocrx_word' id='word_1_220' title='bbox 1518 2567 1523 2583; x_wconf 85' lang='lat'><strong><em>‘</em></strong></span> 
     </span>
     <span class='ocr_line' id='line_1_21' title="bbox 157 2656 1450 2750; baseline 0.001 -22"><span class='ocrx_word' id='word_1_221' title='bbox 157 2665 266 2750; x_wconf 84' lang='lat' dir='ltr'><strong>(juxta</strong></span> <span class='ocrx_word' id='word_1_222' title='bbox 280 2662 513 2727; x_wconf 87' lang='lat' dir='ltr'><strong>observationes</strong></span> <span class='ocrx_word' id='word_1_223' title='bbox 526 2660 662 2739; x_wconf 86' lang='lat' dir='ltr'><strong>nostras)</strong></span> <span class='ocrx_word' id='word_1_224' title='bbox 678 2660 711 2722; x_wconf 92' lang='lat' dir='ltr'><strong>in</strong></span> <span class='ocrx_word' id='word_1_225' title='bbox 726 2658 789 2723; x_wconf 90' lang='lat' dir='ltr'><strong>fine</strong></span> <span class='ocrx_word' id='word_1_226' title='bbox 803 2656 907 2723; x_wconf 77' lang='lat' dir='ltr'><strong>motis</strong></span> <span class='ocrx_word' id='word_1_227' title='bbox 922 2658 972 2722; x_wconf 86' lang='lat' dir='ltr'><strong>sui</strong></span> <span class='ocrx_word' id='word_1_228' title='bbox 984 2659 1164 2723; x_wconf 85' lang='lat' dir='ltr'><strong>notabiliter</strong></span> <span class='ocrx_word' id='word_1_229' title='bbox 1177 2658 1340 2725; x_wconf 86' lang='lat' dir='ltr'><strong>deflectere</strong></span> <span class='ocrx_word' id='word_1_230' title='bbox 1354 2664 1450 2748; x_wconf 87' lang='lat' dir='ltr'><strong>coepit</strong></span> 
     </span>
     <span class='ocr_line' id='line_1_22' title="bbox 155 2763 1323 2856; baseline -0.005 -19"><span class='ocrx_word' id='word_1_231' title='bbox 155 2773 287 2837; x_wconf 86' lang='lat' dir='ltr'><strong>boream</strong></span> <span class='ocrx_word' id='word_1_232' title='bbox 301 2765 419 2850; x_wconf 77' lang='lat' dir='ltr'><strong>versris&#39;,</strong></span> <span class='ocrx_word' id='word_1_233' title='bbox 436 2791 455 2833; x_wconf 91' lang='lat' dir='ltr'><strong>a</strong></span> <span class='ocrx_word' id='word_1_234' title='bbox 469 2766 619 2856; x_wconf 86' lang='lat' dir='ltr'><strong>parallelo</strong></span> <span class='ocrx_word' id='word_1_235' title='bbox 633 2788 728 2854; x_wconf 91' lang='lat' dir='ltr'><strong>quem</strong></span> <span class='ocrx_word' id='word_1_236' title='bbox 742 2764 776 2828; x_wconf 92' lang='lat' dir='ltr'><strong>in</strong></span> <span class='ocrx_word' id='word_1_237' title='bbox 790 2763 854 2828; x_wconf 89' lang='lat' dir='ltr'><strong>fine</strong></span> <span class='ocrx_word' id='word_1_238' title='bbox 867 2764 981 2829; x_wconf 87' lang='lat' dir='ltr'><strong>mensis</strong></span> <span class='ocrx_word' id='word_1_239' title='bbox 998 2763 1159 2829; x_wconf 86' lang='lat' dir='ltr'><strong>Februarii</strong></span> <span class='ocrx_word' id='word_1_240' title='bbox 1173 2777 1323 2831; x_wconf 84' lang='lat' dir='ltr'><strong>tenuerat.</strong></span> 
     </span>
    </p>
   </div>
   <div class='ocr_carea' id='block_1_5' title="bbox 92 2999 1449 4803">
    <p class='ocr_par' dir='ltr' id='par_1_9' title="bbox 155 2999 1449 3263">
     <span class='ocr_line' id='line_1_23' title="bbox 185 2999 1448 3076; baseline -0.015 -15"><span class='ocrx_word' id='word_1_241' title='bbox 185 3005 282 3076; x_wconf 67' lang='grc' dir='ltr'><strong>(Ὓ149.</strong></span> <span class='ocrx_word' id='word_1_242' title='bbox 292 3015 306 3043; x_wconf 81' lang='lat'><em>⁰</em></span> <span class='ocrx_word' id='word_1_243' title='bbox 314 3011 508 3072; x_wconf 78' lang='lat' dir='ltr'><strong>Longitudiaeset</strong></span> <span class='ocrx_word' id='word_1_244' title='bbox 517 3007 658 3054; x_wconf 71' lang='lat' dir='ltr'><strong>latitantium.</strong></span> <span class='ocrx_word' id='word_1_245' title='bbox 677 3003 785 3051; x_wconf 84' lang='lat' dir='ltr'><strong>Siobser-</strong></span> <span class='ocrx_word' id='word_1_246' title='bbox 816 2999 935 3063; x_wconf 87' lang='lat' dir='ltr'><strong>telescopii</strong></span> <span class='ocrx_word' id='word_1_247' title='bbox 951 3000 1043 3049; x_wconf 90' lang='lat' dir='ltr'><strong>immoti</strong></span> <span class='ocrx_word' id='word_1_248' title='bbox 1054 3010 1097 3049; x_wconf 81' lang='lat' dir='ltr'><strong>tut</strong></span> <span class='ocrx_word' id='word_1_249' title='bbox 1110 3000 1156 3049; x_wconf 84' lang='lat' dir='ltr'><strong>alio</strong></span> <span class='ocrx_word' id='word_1_250' title='bbox 1166 3015 1315 3066; x_wconf 76' lang='lat' dir='ltr'><strong>quocunque</strong></span> <span class='ocrx_word' id='word_1_251' title='bbox 1325 3001 1397 3052; x_wconf 76' lang='lat' dir='ltr'><strong>modo</strong></span> <span class='ocrx_word' id='word_1_252' title='bbox 1406 3004 1448 3052; x_wconf 75' lang='grc' dir='ltr'><strong>οι).</strong></span> 
     </span>
     <span class='ocr_line' id='line_1_24' title="bbox 158 3065 1449 3128; baseline -0.017 -6"><span class='ocrx_word' id='word_1_253' title='bbox 158 3085 245 3124; x_wconf 84' lang='lat' dir='ltr'><strong>ventur</strong></span> <span class='ocrx_word' id='word_1_254' title='bbox 254 3073 369 3122; x_wconf 71' lang='lat' dir='ltr'><strong>distantiae</strong></span> <span class='ocrx_word' id='word_1_255' title='bbox 384 3082 482 3120; x_wconf 77' lang='lat' dir='ltr'><strong>cometae</strong></span> <span class='ocrx_word' id='word_1_256' title='bbox 492 3070 608 3118; x_wconf 79' lang='lat' dir='ltr'><strong>aduabus</strong></span> <span class='ocrx_word' id='word_1_257' title='bbox 618 3068 670 3114; x_wconf 80' lang='lat' dir='ltr'><strong>fixit</strong></span> <span class='ocrx_word' id='word_1_258' title='bbox 685 3081 785 3128; x_wconf 82' lang='lat' dir='ltr'><strong>quarum</strong></span> <span class='ocrx_word' id='word_1_259' title='bbox 815 3066 919 3112; x_wconf 83' lang='lat' dir='ltr'><strong>tineatur</strong></span> <span class='ocrx_word' id='word_1_260' title='bbox 937 3065 1074 3114; x_wconf 54' lang='lat' dir='ltr'><strong>differentia&gt;</strong></span> <span class='ocrx_word' id='word_1_261' title='bbox 1088 3065 1252 3114; x_wconf 63' lang='lat' dir='ltr'><strong>declinafionig‘</strong></span> <span class='ocrx_word' id='word_1_262' title='bbox 1266 3075 1292 3114; x_wconf 63' lang='lat' dir='ltr'><strong>et</strong></span> <span class='ocrx_word' id='word_1_263' title='bbox 1309 3066 1449 3115; x_wconf 59' lang='lat' dir='ltr'><strong>moni,</strong></span> 
     </span>
     <span class='ocr_line' id='line_1_25' title="bbox 155 3127 1449 3204; baseline -0.009 -17"><span class='ocrx_word' id='word_1_264' title='bbox 155 3139 316 3204; x_wconf 82' lang='lat' dir='ltr'><strong>longitudines</strong></span> <span class='ocrx_word' id='word_1_265' title='bbox 331 3146 355 3185; x_wconf 87' lang='lat' dir='ltr'><strong>et</strong></span> <span class='ocrx_word' id='word_1_266' title='bbox 370 3136 504 3184; x_wconf 85' lang='lat' dir='ltr'><strong>latitudines</strong></span> <span class='ocrx_word' id='word_1_267' title='bbox 515 3143 576 3182; x_wconf 82' lang='lat' dir='ltr'><strong>notae</strong></span> <span class='ocrx_word' id='word_1_268' title='bbox 586 3141 654 3188; x_wconf 64' lang='lat' dir='ltr'><strong>sunu</strong></span> <span class='ocrx_word' id='word_1_269' title='bbox 664 3129 786 3178; x_wconf 78' lang='lat' dir='ltr'><strong>invenien·</strong></span> <span class='ocrx_word' id='word_1_270' title='bbox 815 3137 886 3177; x_wconf 79' lang='lat' dir='ltr'><strong>rectae</strong></span> <span class='ocrx_word' id='word_1_271' title='bbox 896 3130 957 3178; x_wconf 85' lang='lat' dir='ltr'><strong>intcr</strong></span> <span class='ocrx_word' id='word_1_272' title='bbox 967 3129 1038 3177; x_wconf 77' lang='lat' dir='ltr'><strong>fixam</strong></span> <span class='ocrx_word' id='word_1_273' title='bbox 1048 3137 1072 3177; x_wconf 87' lang='lat' dir='ltr'><strong>et</strong></span> <span class='ocrx_word' id='word_1_274' title='bbox 1082 3139 1198 3177; x_wconf 77' lang='lat' dir='ltr'><strong>comemm</strong></span> <span class='ocrx_word' id='word_1_275' title='bbox 1210 3133 1260 3195; x_wconf 75' lang='lat'>(³9.</span> <span class='ocrx_word' id='word_1_276' title='bbox 1275 3130 1329 3180; x_wconf 81' lang='lat' dir='ltr'><strong>Lib.</strong></span> <span class='ocrx_word' id='word_1_277' title='bbox 1343 3127 1415 3190; x_wconf 79' lang='grc' dir='ltr'><strong>ΙΙΙ.)</strong></span> <span class='ocrx_word' id='word_1_278' title='bbox 1424 3138 1449 3178; x_wconf 87' lang='lat' dir='ltr'><strong>et</strong></span> 
     </span>
     <span class='ocr_line' id='line_1_26' title="bbox 155 3187 963 3263; baseline -0.017 -11"><span class='ocrx_word' id='word_1_279' title='bbox 155 3213 198 3252; x_wconf 85' lang='lat' dir='ltr'><strong>tur</strong></span> <span class='ocrx_word' id='word_1_280' title='bbox 207 3212 304 3250; x_wconf 71' lang='lat' dir='ltr'><strong>comete</strong></span> <span class='ocrx_word' id='word_1_281' title='bbox 320 3199 477 3263; x_wconf 83' lang='lat' dir='ltr'><strong>longitndoet</strong></span> <span class='ocrx_word' id='word_1_282' title='bbox 487 3196 586 3246; x_wconf 87' lang='lat' dir='ltr'><strong>latitudo</strong></span> <span class='ocrx_word' id='word_1_283' title='bbox 596 3195 627 3242; x_wconf 84' lang='lat' dir='ltr'><strong>td</strong></span> <span class='ocrx_word' id='word_1_284' title='bbox 641 3202 733 3253; x_wconf 77' lang='lat' dir='ltr'><strong>ternpus</strong></span> <span class='ocrx_word' id='word_1_285' title='bbox 742 3195 784 3242; x_wconf 88' lang='lat' dir='ltr'><strong>ob·</strong></span> <span class='ocrx_word' id='word_1_286' title='bbox 960 3187 963 3198; x_wconf 75' lang='lat'><strong><em>‘</em></strong></span> 
     </span>
    </p>

    <p class='ocr_par' dir='ltr' id='par_1_10' title="bbox 92 3257 1224 3520">
     <span class='ocr_line' id='line_1_27' title="bbox 92 3257 888 3334; baseline -0.018 -18"><span class='ocrx_word' id='word_1_287' title='bbox 92 3327 96 3334; x_wconf 38' lang='grc' dir='ltr'>Ι</span> <span class='ocrx_word' id='word_1_288' title='bbox 155 3266 296 3314; x_wconf 68' lang='lat' dir='ltr'><strong>metionis.</strong></span> <span class='ocrx_word' id='word_1_289' title='bbox 333 3265 430 3312; x_wconf 83' lang='lat' dir='ltr'><strong>Referat</strong></span> <span class='ocrx_word' id='word_1_290' title='bbox 441 3261 471 3310; x_wconf 87' lang='lat' dir='ltr'>M</span> <span class='ocrx_word' id='word_1_291' title='bbox 484 3263 517 3318; x_wconf 87' lang='lat' dir='ltr'><strong>R,</strong></span> <span class='ocrx_word' id='word_1_292' title='bbox 531 3260 661 3321; x_wconf 86' lang='lat' dir='ltr'><strong>portionem</strong></span> <span class='ocrx_word' id='word_1_293' title='bbox 672 3257 784 3317; x_wconf 72' lang='lat' dir='ltr'><strong>ecliptica</strong></span> <span class='ocrx_word' id='word_1_294' title='bbox 885 3312 888 3316; x_wconf 23' lang='grc' dir='ltr'>ι</span> 
     </span>
     <span class='ocr_line' id='line_1_28' title="bbox 155 3318 1224 3456; baseline -0.019 -14"><span class='ocrx_word' id='word_1_295' title='bbox 155 3321 806 3456; x_wconf 59' lang='lat' dir='ltr'><strong>erasure</strong></span> <span class='ocrx_word' id='word_1_296' title='bbox 1190 3318 1224 3380; x_wconf 84' lang='lat'>⁰</span> 
     </span>
     <span class='ocr_line' id='line_1_29' title="bbox 135 3447 783 3520; baseline -0.017 -14"><span class='ocrx_word' id='word_1_297' title='bbox 135 3468 248 3514; x_wconf 57' lang='lat' dir='ltr'><strong>,cometa</strong></span> <span class='ocrx_word' id='word_1_298' title='bbox 266 3458 335 3520; x_wconf 84' lang='lat' dir='ltr'><strong>cujus</strong></span> <span class='ocrx_word' id='word_1_299' title='bbox 351 3455 460 3503; x_wconf 81' lang='lat' dir='ltr'><strong>distantia</strong></span> <span class='ocrx_word' id='word_1_300' title='bbox 478 3468 492 3500; x_wconf 83' lang='lat' dir='ltr'><strong>a</strong></span> <span class='ocrx_word' id='word_1_301' title='bbox 507 3451 598 3498; x_wconf 61' lang='lat' dir='ltr'><strong>mribus</strong></span> <span class='ocrx_word' id='word_1_302' title='bbox 614 3449 686 3498; x_wconf 85' lang='lat' dir='ltr'><strong>stollis</strong></span> <span class='ocrx_word' id='word_1_303' title='bbox 710 3449 741 3504; x_wconf 92' lang='lat' dir='ltr'><strong>A,</strong></span> <span class='ocrx_word' id='word_1_304' title='bbox 760 3447 783 3496; x_wconf 86' lang='lat' dir='ltr'>P</span> 
     </span>
    </p>

    <p class='ocr_par' dir='ltr' id='par_1_11' title="bbox 155 3511 783 3580">
     <span class='ocr_line' id='line_1_30' title="bbox 155 3511 783 3580; baseline -0.016 -12"><span class='ocrx_word' id='word_1_305' title='bbox 155 3532 214 3570; x_wconf 80' lang='lat' dir='ltr'><strong>nota</strong></span> <span class='ocrx_word' id='word_1_306' title='bbox 228 3521 266 3569; x_wconf 87' lang='lat' dir='ltr'><strong>sit.</strong></span> <span class='ocrx_word' id='word_1_307' title='bbox 301 3521 333 3568; x_wconf 95' lang='lat' dir='ltr'><strong>In</strong></span> <span class='ocrx_word' id='word_1_308' title='bbox 348 3517 467 3580; x_wconf 87' lang='lat' dir='ltr'><strong>triangulo</strong></span> <span class='ocrx_word' id='word_1_309' title='bbox 484 3517 508 3563; x_wconf 93' lang='lat' dir='ltr'>A</span> <span class='ocrx_word' id='word_1_310' title='bbox 522 3516 544 3562; x_wconf 93' lang='grc' dir='ltr'>Ο</span> <span class='ocrx_word' id='word_1_311' title='bbox 558 3514 587 3572; x_wconf 92' lang='lat' dir='ltr'><strong>P,</strong></span> <span class='ocrx_word' id='word_1_312' title='bbox 604 3528 632 3560; x_wconf 84' lang='lat' dir='ltr'><strong>ex</strong></span> <span class='ocrx_word' id='word_1_313' title='bbox 643 3512 701 3560; x_wconf 84' lang='lat' dir='ltr'><strong>datis</strong></span> <span class='ocrx_word' id='word_1_314' title='bbox 714 3514 737 3559; x_wconf 97' lang='lat' dir='ltr'>A</span> <span class='ocrx_word' id='word_1_315' title='bbox 750 3511 783 3570; x_wconf 90' lang='lat'><strong>0,</strong></span> 
     </span>
    </p>

    <p class='ocr_par' dir='ltr' id='par_1_12' title="bbox 158 3577 783 3645">
     <span class='ocr_line' id='line_1_31' title="bbox 158 3577 783 3645; baseline -0.022 -10"><span class='ocrx_word' id='word_1_316' title='bbox 158 3587 180 3634; x_wconf 93' lang='lat' dir='ltr'>P</span> <span class='ocrx_word' id='word_1_317' title='bbox 192 3587 220 3634; x_wconf 85' lang='lat' dir='ltr'>O</span> <span class='ocrx_word' id='word_1_318' title='bbox 227 3581 403 3645; x_wconf 84' lang='lat' dir='ltr'><strong>complementis</strong></span> <span class='ocrx_word' id='word_1_319' title='bbox 413 3580 564 3628; x_wconf 82' lang='lat' dir='ltr'><strong>latitudinum</strong></span> <span class='ocrx_word' id='word_1_320' title='bbox 578 3577 696 3624; x_wconf 81' lang='lat' dir='ltr'><strong>stellarum</strong></span> <span class='ocrx_word' id='word_1_321' title='bbox 707 3584 730 3622; x_wconf 87' lang='lat' dir='ltr'><strong>et</strong></span> <span class='ocrx_word' id='word_1_322' title='bbox 740 3590 783 3622; x_wconf 84' lang='lat' dir='ltr'><strong>an-</strong></span> 
     </span>
    </p>

    <p class='ocr_par' dir='ltr' id='par_1_13' title="bbox 156 3635 837 3714">
     <span class='ocr_line' id='line_1_32' title="bbox 156 3635 837 3714; baseline -0.025 -15"><span class='ocrx_word' id='word_1_323' title='bbox 156 3650 214 3714; x_wconf 88' lang='lat' dir='ltr'><strong>gulo</strong></span> <span class='ocrx_word' id='word_1_324' title='bbox 227 3652 250 3697; x_wconf 97' lang='lat' dir='ltr'>A</span> <span class='ocrx_word' id='word_1_325' title='bbox 264 3649 287 3697; x_wconf 94' lang='lat'>0</span> <span class='ocrx_word' id='word_1_326' title='bbox 299 3649 321 3695; x_wconf 91' lang='grc' dir='ltr'>Ρ</span> <span class='ocrx_word' id='word_1_327' title='bbox 332 3647 400 3709; x_wconf 82' lang='lat' dir='ltr'><strong>cujtrs</strong></span> <span class='ocrx_word' id='word_1_328' title='bbox 409 3657 518 3691; x_wconf 83' lang='lat' dir='ltr'><strong>mensura</strong></span> <span class='ocrx_word' id='word_1_329' title='bbox 528 3650 563 3688; x_wconf 83' lang='lat' dir='ltr'><strong>est</strong></span> <span class='ocrx_word' id='word_1_330' title='bbox 572 3655 639 3688; x_wconf 73' lang='lat' dir='ltr'><strong>mous</strong></span> <span class='ocrx_word' id='word_1_331' title='bbox 656 3640 685 3686; x_wconf 84' lang='lat' dir='ltr'><strong>M</strong></span> <span class='ocrx_word' id='word_1_332' title='bbox 699 3639 723 3686; x_wconf 88' lang='lat' dir='ltr'><strong>R</strong></span> <span class='ocrx_word' id='word_1_333' title='bbox 736 3638 782 3685; x_wconf 80' lang='lat' dir='ltr'><strong>dit.</strong></span> <span class='ocrx_word' id='word_1_334' title='bbox 804 3635 807 3642; x_wconf 81' lang='grc'>’</span> <span class='ocrx_word' id='word_1_335' title='bbox 831 3640 837 3650; x_wconf 83' lang='grc'><em>’</em></span> 
     </span>
    </p>

    <p class='ocr_par' dir='ltr' id='par_1_14' title="bbox 155 3702 865 3774">
     <span class='ocr_line' id='line_1_33' title="bbox 155 3702 865 3774; baseline -0.023 -12"><span class='ocrx_word' id='word_1_336' title='bbox 155 3713 253 3762; x_wconf 77' lang='lat' dir='ltr'><strong>ferentia</strong></span> <span class='ocrx_word' id='word_1_337' title='bbox 269 3710 453 3774; x_wconf 86' lang='lat' dir='ltr'><strong>longitudinum,</strong></span> <span class='ocrx_word' id='word_1_338' title='bbox 472 3707 565 3754; x_wconf 84' lang='lat' dir='ltr'><strong>dabitur</strong></span> <span class='ocrx_word' id='word_1_339' title='bbox 587 3707 612 3752; x_wconf 82' lang='lat' dir='ltr'>A</span> <span class='ocrx_word' id='word_1_340' title='bbox 632 3702 655 3752; x_wconf 85' lang='lat' dir='ltr'><strong>P</strong></span> <span class='ocrx_word' id='word_1_341' title='bbox 674 3703 802 3751; x_wconf 65' lang='lat' dir='ltr'><strong>omenta,</strong></span> <span class='ocrx_word' id='word_1_342' title='bbox 862 3710 865 3719; x_wconf 74' lang='lat'><strong>¹</strong></span> 
     </span>
    </p>

    <p class='ocr_par' dir='ltr' id='par_1_15' title="bbox 155 3767 779 3838">
     <span class='ocr_line' id='line_1_34' title="bbox 155 3767 779 3838; baseline -0.021 -12"><span class='ocrx_word' id='word_1_343' title='bbox 155 3778 284 3833; x_wconf 83' lang='lat' dir='ltr'><strong>stellarum,</strong></span> <span class='ocrx_word' id='word_1_344' title='bbox 301 3787 372 3838; x_wconf 81' lang='lat' dir='ltr'><strong>atque</strong></span> <span class='ocrx_word' id='word_1_345' title='bbox 393 3774 521 3820; x_wconf 79' lang='lat' dir='ltr'><strong>innotescet</strong></span> <span class='ocrx_word' id='word_1_346' title='bbox 541 3769 643 3831; x_wconf 80' lang='lat' dir='ltr'><strong>angulus</strong></span> <span class='ocrx_word' id='word_1_347' title='bbox 666 3767 690 3815; x_wconf 92' lang='grc'>0</span> <span class='ocrx_word' id='word_1_348' title='bbox 708 3767 730 3814; x_wconf 92' lang='grc' dir='ltr'>Ρ</span> <span class='ocrx_word' id='word_1_349' title='bbox 747 3767 779 3813; x_wconf 90' lang='lat' dir='ltr'><strong>A.</strong></span> 
     </span>
    </p>

    <p class='ocr_par' dir='ltr' id='par_1_16' title="bbox 154 3830 782 3898">
     <span class='ocr_line' id='line_1_35' title="bbox 154 3830 782 3898; baseline -0.021 -8"><span class='ocrx_word' id='word_1_350' title='bbox 154 3843 212 3892; x_wconf 85' lang='lat' dir='ltr'><strong>Jam</strong></span> <span class='ocrx_word' id='word_1_351' title='bbox 231 3839 286 3888; x_wconf 84' lang='lat' dir='ltr'><strong>verd</strong></span> <span class='ocrx_word' id='word_1_352' title='bbox 305 3840 330 3885; x_wconf 93' lang='lat' dir='ltr'><strong>in</strong></span> <span class='ocrx_word' id='word_1_353' title='bbox 349 3835 467 3898; x_wconf 82' lang='lat' dir='ltr'><strong>triangulo</strong></span> <span class='ocrx_word' id='word_1_354' title='bbox 487 3836 510 3881; x_wconf 90' lang='lat' dir='ltr'>A</span> <span class='ocrx_word' id='word_1_355' title='bbox 524 3833 544 3881; x_wconf 87' lang='lat' dir='ltr'>C</span> <span class='ocrx_word' id='word_1_356' title='bbox 558 3833 580 3880; x_wconf 85' lang='lat' dir='ltr'><strong>P</strong></span> <span class='ocrx_word' id='word_1_357' title='bbox 597 3833 683 3878; x_wconf 87' lang='lat' dir='ltr'><strong>dantur</strong></span> <span class='ocrx_word' id='word_1_358' title='bbox 703 3830 782 3878; x_wconf 79' lang='lat' dir='ltr'><strong>omnia</strong></span> 
     </span>
    </p>

    <p class='ocr_par' dir='ltr' id='par_1_17' title="bbox 154 3894 782 3962">
     <span class='ocr_line' id='line_1_36' title="bbox 154 3894 782 3962; baseline -0.019 -10"><span class='ocrx_word' id='word_1_359' title='bbox 154 3905 235 3962; x_wconf 83' lang='lat' dir='ltr'><strong>latera,</strong></span> <span class='ocrx_word' id='word_1_360' title='bbox 253 3905 318 3950; x_wconf 86' lang='lat' dir='ltr'><strong>unde</strong></span> <span class='ocrx_word' id='word_1_361' title='bbox 333 3901 465 3948; x_wconf 69' lang='lat' dir='ltr'><strong>invenietur</strong></span> <span class='ocrx_word' id='word_1_362' title='bbox 481 3897 583 3959; x_wconf 84' lang='lat' dir='ltr'><strong>angulus</strong></span> <span class='ocrx_word' id='word_1_363' title='bbox 603 3897 624 3944; x_wconf 86' lang='lat' dir='ltr'>C</span> <span class='ocrx_word' id='word_1_364' title='bbox 645 3895 667 3942; x_wconf 85' lang='lat' dir='ltr'><strong>P</strong></span> <span class='ocrx_word' id='word_1_365' title='bbox 684 3894 716 3951; x_wconf 88' lang='lat' dir='ltr'><strong>A,</strong></span> <span class='ocrx_word' id='word_1_366' title='bbox 734 3907 782 3956; x_wconf 87' lang='lat' dir='ltr'><strong>quo</strong></span> 
     </span>
    </p>

    <p class='ocr_par' dir='ltr' id='par_1_18' title="bbox 154 3957 782 4027">
     <span class='ocr_line' id='line_1_37' title="bbox 154 3957 782 4027; baseline -0.021 -11"><span class='ocrx_word' id='word_1_367' title='bbox 154 3971 272 4016; x_wconf 84' lang='lat' dir='ltr'><strong>subtracto</strong></span> <span class='ocrx_word' id='word_1_368' title='bbox 282 3982 310 4014; x_wconf 83' lang='lat' dir='ltr'><strong>ex</strong></span> <span class='ocrx_word' id='word_1_369' title='bbox 321 3964 409 4027; x_wconf 83' lang='lat' dir='ltr'><strong>angulo</strong></span> <span class='ocrx_word' id='word_1_370' title='bbox 422 3964 446 4011; x_wconf 91' lang='lat'>0</span> <span class='ocrx_word' id='word_1_371' title='bbox 459 3963 481 4009; x_wconf 91' lang='grc' dir='ltr'>Ρ</span> <span class='ocrx_word' id='word_1_372' title='bbox 493 3964 517 4009; x_wconf 94' lang='lat' dir='ltr'>A</span> <span class='ocrx_word' id='word_1_373' title='bbox 528 3960 671 4023; x_wconf 79' lang='lat' dir='ltr'><strong>relinquetur</strong></span> <span class='ocrx_word' id='word_1_374' title='bbox 681 3957 782 4020; x_wconf 83' lang='lat' dir='ltr'><strong>angulus</strong></span> 
     </span>
    </p>

    <p class='ocr_par' dir='ltr' id='par_1_19' title="bbox 156 4021 782 4088">
     <span class='ocr_line' id='line_1_38' title="bbox 156 4021 782 4088; baseline -0.022 -7"><span class='ocrx_word' id='word_1_375' title='bbox 156 4033 180 4080; x_wconf 94' lang='grc' dir='ltr'>Ο</span> <span class='ocrx_word' id='word_1_376' title='bbox 193 4033 216 4079; x_wconf 90' lang='grc' dir='ltr'>Ρ</span> <span class='ocrx_word' id='word_1_377' title='bbox 229 4032 256 4080; x_wconf 89' lang='lat' dir='ltr'><strong>C.</strong></span> <span class='ocrx_word' id='word_1_378' title='bbox 293 4029 374 4086; x_wconf 70' lang='lat' dir='ltr'><strong>Quare</strong></span> <span class='ocrx_word' id='word_1_379' title='bbox 384 4027 477 4075; x_wconf 86' lang='lat' dir='ltr'><strong>dabitur</strong></span> <span class='ocrx_word' id='word_1_380' title='bbox 488 4025 589 4088; x_wconf 81' lang='lat' dir='ltr'><strong>angulus</strong></span> <span class='ocrx_word' id='word_1_381' title='bbox 607 4023 628 4070; x_wconf 88' lang='lat' dir='ltr'>P</span> <span class='ocrx_word' id='word_1_382' title='bbox 641 4023 664 4070; x_wconf 93' lang='lat'>0</span> <span class='ocrx_word' id='word_1_383' title='bbox 677 4023 698 4070; x_wconf 88' lang='lat' dir='ltr'>C</span> <span class='ocrx_word' id='word_1_384' title='bbox 713 4021 782 4086; x_wconf 76' lang='lat' dir='ltr'><strong>qu&#39;us</strong></span> 
     </span>
    </p>

    <p class='ocr_par' dir='ltr' id='par_1_20' title="bbox 153 4085 780 4147">
     <span class='ocr_line' id='line_1_39' title="bbox 153 4085 780 4147; baseline -0.022 -3"><span class='ocrx_word' id='word_1_385' title='bbox 153 4111 265 4144; x_wconf 78' lang='lat' dir='ltr'><strong>mensura</strong></span> <span class='ocrx_word' id='word_1_386' title='bbox 274 4104 309 4142; x_wconf 89' lang='lat' dir='ltr'><strong>est</strong></span> <span class='ocrx_word' id='word_1_387' title='bbox 319 4107 386 4141; x_wconf 83' lang='lat' dir='ltr'><strong>arcus</strong></span> <span class='ocrx_word' id='word_1_388' title='bbox 403 4092 428 4138; x_wconf 92' lang='lat' dir='ltr'>N</span> <span class='ocrx_word' id='word_1_389' title='bbox 441 4091 473 4147; x_wconf 80' lang='lat' dir='ltr'><strong>B,</strong></span> <span class='ocrx_word' id='word_1_390' title='bbox 490 4087 620 4136; x_wconf 84' lang='lat' dir='ltr'><strong>differentia</strong></span> <span class='ocrx_word' id='word_1_391' title='bbox 629 4085 716 4133; x_wconf 85' lang='lat' dir='ltr'><strong>scilicet</strong></span> <span class='ocrx_word' id='word_1_392' title='bbox 730 4085 780 4131; x_wconf 90' lang='lat' dir='ltr'><strong>lon-</strong></span> 
     </span>
    </p>

    <p class='ocr_par' dir='ltr' id='par_1_21' title="bbox 152 4150 781 4223">
     <span class='ocr_line' id='line_1_40' title="bbox 152 4150 781 4223; baseline -0.021 -17"><span class='ocrx_word' id='word_1_393' title='bbox 152 4160 290 4223; x_wconf 81' lang='lat' dir='ltr'><strong>gitudinum</strong></span> <span class='ocrx_word' id='word_1_394' title='bbox 301 4159 373 4205; x_wconf 84' lang='lat' dir='ltr'><strong>stellae</strong></span> <span class='ocrx_word' id='word_1_395' title='bbox 386 4156 407 4203; x_wconf 94' lang='lat' dir='ltr'>P</span> <span class='ocrx_word' id='word_1_396' title='bbox 418 4163 441 4203; x_wconf 88' lang='lat' dir='ltr'><strong>et</strong></span> <span class='ocrx_word' id='word_1_397' title='bbox 451 4163 547 4201; x_wconf 80' lang='lat' dir='ltr'><strong>cometae</strong></span> <span class='ocrx_word' id='word_1_398' title='bbox 558 4153 586 4200; x_wconf 86' lang='lat' dir='ltr'><strong>C.</strong></span> <span class='ocrx_word' id='word_1_399' title='bbox 608 4151 671 4199; x_wconf 88' lang='lat' dir='ltr'><strong>Item</strong></span> <span class='ocrx_word' id='word_1_400' title='bbox 679 4150 781 4195; x_wconf 86' lang='lat' dir='ltr'><strong>innotes-</strong></span> 
     </span>
    </p>

    <p class='ocr_par' dir='ltr' id='par_1_22' title="bbox 122 4211 966 4543">
     <span class='ocr_line' id='line_1_41' title="bbox 152 4211 781 4283; baseline -0.024 -11"><span class='ocrx_word' id='word_1_401' title='bbox 152 4233 190 4272; x_wconf 87' lang='lat' dir='ltr'><strong>cet</strong></span> <span class='ocrx_word' id='word_1_402' title='bbox 201 4239 269 4271; x_wconf 87' lang='lat' dir='ltr'><strong>arcus</strong></span> <span class='ocrx_word' id='word_1_403' title='bbox 281 4223 304 4270; x_wconf 93' lang='grc' dir='ltr'>Ο</span> <span class='ocrx_word' id='word_1_404' title='bbox 314 4223 342 4279; x_wconf 87' lang='lat' dir='ltr'><strong>C,</strong></span> <span class='ocrx_word' id='word_1_405' title='bbox 352 4220 393 4283; x_wconf 90' lang='lat' dir='ltr'><strong>qui</strong></span> <span class='ocrx_word' id='word_1_406' title='bbox 402 4229 436 4266; x_wconf 88' lang='lat' dir='ltr'><strong>est</strong></span> <span class='ocrx_word' id='word_1_407' title='bbox 444 4217 641 4277; x_wconf 85' lang='lat' dir='ltr'><strong>complementum</strong></span> <span class='ocrx_word' id='word_1_408' title='bbox 652 4211 781 4262; x_wconf 77' lang='lat' dir='ltr'><strong>latitudiuis</strong></span> 
     </span>
     <span class='ocr_line' id='line_1_42' title="bbox 122 4271 966 4345; baseline -0.023 -9"><span class='ocrx_word' id='word_1_409' title='bbox 122 4323 126 4329; x_wconf 78' lang='lat'><em>-</em></span> <span class='ocrx_word' id='word_1_410' title='bbox 151 4296 257 4335; x_wconf 82' lang='lat' dir='ltr'><strong>cometae.</strong></span> <span class='ocrx_word' id='word_1_411' title='bbox 288 4284 381 4341; x_wconf 71' lang='lat' dir='ltr'><strong>Eidem</strong></span> <span class='ocrx_word' id='word_1_412' title='bbox 391 4298 485 4345; x_wconf 89' lang='lat' dir='ltr'><strong>prorsus</strong></span> <span class='ocrx_word' id='word_1_413' title='bbox 495 4281 590 4338; x_wconf 80' lang='lat' dir='ltr'><strong>ratione,</strong></span> <span class='ocrx_word' id='word_1_414' title='bbox 601 4279 621 4326; x_wconf 83' lang='lat' dir='ltr'><strong>si</strong></span> <span class='ocrx_word' id='word_1_415' title='bbox 631 4279 781 4325; x_wconf 83' lang='lat' dir='ltr'><strong>observentur</strong></span> <span class='ocrx_word' id='word_1_416' title='bbox 921 4271 966 4335; x_wconf 85' lang='lat' dir='ltr'>M</span> 
     </span>
     <span class='ocr_line' id='line_1_43' title="bbox 151 4344 780 4405; baseline -0.021 -7"><span class='ocrx_word' id='word_1_417' title='bbox 151 4351 268 4400; x_wconf 81' lang='lat' dir='ltr'><strong>distantiae</strong></span> <span class='ocrx_word' id='word_1_418' title='bbox 284 4359 382 4397; x_wconf 74' lang='lat' dir='ltr'><strong>cometa</strong></span> <span class='ocrx_word' id='word_1_419' title='bbox 397 4363 411 4395; x_wconf 85' lang='lat' dir='ltr'><strong>a</strong></span> <span class='ocrx_word' id='word_1_420' title='bbox 427 4346 518 4393; x_wconf 85' lang='lat' dir='ltr'><strong>duabus</strong></span> <span class='ocrx_word' id='word_1_421' title='bbox 529 4344 581 4392; x_wconf 84' lang='lat' dir='ltr'><strong>lixis</strong></span> <span class='ocrx_word' id='word_1_422' title='bbox 590 4355 689 4405; x_wconf 74' lang='lat' dir='ltr'><strong>quarum</strong></span> <span class='ocrx_word' id='word_1_423' title='bbox 700 4355 780 4387; x_wconf 71' lang='lat' dir='ltr'><strong>ascat-</strong></span> 
     </span>
     <span class='ocr_line' id='line_1_44' title="bbox 150 4402 779 4464; baseline -0.017 -1"><span class='ocrx_word' id='word_1_424' title='bbox 150 4415 307 4464; x_wconf 80' lang='lat' dir='ltr'><strong>sionesrecue</strong></span> <span class='ocrx_word' id='word_1_425' title='bbox 323 4423 352 4462; x_wconf 86' lang='lat' dir='ltr'><strong>&#39;et</strong></span> <span class='ocrx_word' id='word_1_426' title='bbox 372 4411 539 4460; x_wconf 82' lang='lat' dir='ltr'><strong>declinationes</strong></span> <span class='ocrx_word' id='word_1_427' title='bbox 559 4417 620 4455; x_wconf 82' lang='lat' dir='ltr'><strong>notae</strong></span> <span class='ocrx_word' id='word_1_428' title='bbox 641 4413 703 4461; x_wconf 88' lang='lat' dir='ltr'><strong>suut,</strong></span> <span class='ocrx_word' id='word_1_429' title='bbox 722 4402 779 4452; x_wconf 71' lang='lat' dir='ltr'><strong>inde</strong></span> 
     </span>
     <span class='ocr_line' id='line_1_45' title="bbox 149 4471 759 4543; baseline -0.02 -15"><span class='ocrx_word' id='word_1_430' title='bbox 149 4479 292 4543; x_wconf 85' lang='lat' dir='ltr'><strong>colligentur</strong></span> <span class='ocrx_word' id='word_1_431' title='bbox 302 4475 404 4526; x_wconf 78' lang='lat' dir='ltr'><strong>ascensio</strong></span> <span class='ocrx_word' id='word_1_432' title='bbox 414 4485 476 4522; x_wconf 83' lang='lat' dir='ltr'><strong>recta</strong></span> <span class='ocrx_word' id='word_1_433' title='bbox 486 4482 510 4520; x_wconf 84' lang='lat' dir='ltr'><strong>et</strong></span> <span class='ocrx_word' id='word_1_434' title='bbox 520 4471 644 4520; x_wconf 84' lang='lat' dir='ltr'><strong>declinatio</strong></span> <span class='ocrx_word' id='word_1_435' title='bbox 655 4480 759 4516; x_wconf 64' lang='lat' dir='ltr'><strong>cometa,</strong></span> 
     </span>
    </p>

    <p class='ocr_par' dir='ltr' id='par_1_23' title="bbox 147 4531 1440 4803">
     <span class='ocr_line' id='line_1_46' title="bbox 173 4531 1440 4620; baseline -0.013 -15"><span class='ocrx_word' id='word_1_436' title='bbox 173 4548 237 4620; x_wconf 71' lang='grc'>550·</span> <span class='ocrx_word' id='word_1_437' title='bbox 263 4544 330 4591; x_wconf 61' lang='grc'><strong>0808</strong></span> <span class='ocrx_word' id='word_1_438' title='bbox 348 4540 546 4613; x_wconf 58' lang='grc' dir='ltr'><strong>09055οξ0009,05</strong></span> <span class='ocrx_word' id='word_1_439' title='bbox 564 4549 696 4582; x_wconf 51' lang='lat' dir='ltr'><strong>&amp;eumne</strong></span> <span class='ocrx_word' id='word_1_440' title='bbox 705 4531 778 4608; x_wconf 43' lang='lat' dir='ltr'><strong>‚¹0⁰ss</strong></span> <span class='ocrx_word' id='word_1_441' title='bbox 810 4546 866 4592; x_wconf 89' lang='lat' dir='ltr'><strong>hinc</strong></span> <span class='ocrx_word' id='word_1_442' title='bbox 886 4545 1006 4594; x_wconf 82' lang='lat' dir='ltr'><strong>dabuntur</strong></span> <span class='ocrx_word' id='word_1_443' title='bbox 1026 4552 1124 4594; x_wconf 70' lang='lat' dir='ltr'><strong>cometa</strong></span> <span class='ocrx_word' id='word_1_444' title='bbox 1136 4533 1270 4608; x_wconf 54' lang='lat' dir='ltr'><strong>&#39;longitudo</strong></span> <span class='ocrx_word' id='word_1_445' title='bbox 1290 4553 1315 4592; x_wconf 87' lang='lat' dir='ltr'><strong>et</strong></span> <span class='ocrx_word' id='word_1_446' title='bbox 1340 4541 1440 4590; x_wconf 83' lang='lat' dir='ltr'><strong>latitudo</strong></span> 
     </span>
     <span class='ocr_line' id='line_1_47' title="bbox 147 4597 1128 4678; baseline -0.017 -22"><span class='ocrx_word' id='word_1_447' title='bbox 147 4607 250 4671; x_wconf 67' lang='lat' dir='ltr'><strong>alicujus</strong></span> <span class='ocrx_word' id='word_1_448' title='bbox 265 4607 337 4654; x_wconf 78' lang='lat' dir='ltr'><strong>stellae</strong></span> <span class='ocrx_word' id='word_1_449' title='bbox 353 4606 414 4660; x_wconf 77' lang='lat' dir='ltr'><strong>iirae,</strong></span> <span class='ocrx_word' id='word_1_450' title='bbox 431 4615 529 4648; x_wconf 81' lang='lat' dir='ltr'><strong>invenrrt</strong></span> <span class='ocrx_word' id='word_1_451' title='bbox 545 4609 644 4678; x_wconf 68' lang='lat' dir='ltr'><strong>possunt</strong></span> <span class='ocrx_word' id='word_1_452' title='bbox 653 4597 778 4646; x_wconf 78' lang='lat' dir='ltr'><strong>declinatio</strong></span> <span class='ocrx_word' id='word_1_453' title='bbox 810 4615 819 4674; x_wconf 86' lang='grc'>(</span> <span class='ocrx_word' id='word_1_454' title='bbox 824 4616 861 4658; x_wconf 76' lang='lat'><strong>17,</strong></span> <span class='ocrx_word' id='word_1_455' title='bbox 880 4610 935 4657; x_wconf 66' lang='lat' dir='ltr'><strong>Lib,</strong></span> <span class='ocrx_word' id='word_1_456' title='bbox 949 4609 1024 4672; x_wconf 88' lang='lat'>111.).</span> <span class='ocrx_word' id='word_1_457' title='bbox 1124 4622 1128 4631; x_wconf 59' lang='grc' dir='ltr'>ι</span> 
     </span>
     <span class='ocr_line' id='line_1_48' title="bbox 148 4661 1438 4746; baseline -0.01 -17"><span class='ocrx_word' id='word_1_458' title='bbox 148 4681 173 4719; x_wconf 68' lang='grc' dir='ltr'><strong>θῑ</strong></span> <span class='ocrx_word' id='word_1_459' title='bbox 187 4672 292 4720; x_wconf 67' lang='grc' dir='ltr'><strong>8809118ῑο</strong></span> <span class='ocrx_word' id='word_1_460' title='bbox 308 4680 370 4746; x_wconf 48' lang='lat' dir='ltr'><strong>fecta</strong></span> <span class='ocrx_word' id='word_1_461' title='bbox 385 4675 489 4744; x_wconf 56' lang='grc' dir='ltr'><strong>05)Ψῖῒῆ</strong></span> <span class='ocrx_word' id='word_1_462' title='bbox 506 4663 577 4738; x_wconf 79' lang='lat' dir='ltr'><strong>modo</strong></span> <span class='ocrx_word' id='word_1_463' title='bbox 588 4672 665 4711; x_wconf 58' lang='lat' dir='ltr'><strong>tamen</strong></span> <span class='ocrx_word' id='word_1_464' title='bbox 677 4661 743 4708; x_wconf 69' lang='lat' dir='ltr'><strong>⁵2²l¹⁸</strong></span> <span class='ocrx_word' id='word_1_465' title='bbox 753 4671 777 4709; x_wconf 70' lang='grc' dir='ltr'><strong>θῑ</strong></span> <span class='ocrx_word' id='word_1_466' title='bbox 844 4679 897 4721; x_wconf 84' lang='lat'>151.</span> <span class='ocrx_word' id='word_1_467' title='bbox 918 4674 988 4721; x_wconf 85' lang='lat' dir='ltr'><strong>Datis</strong></span> <span class='ocrx_word' id='word_1_468' title='bbox 999 4683 1096 4721; x_wconf 77' lang='lat' dir='ltr'><strong>cometae</strong></span> <span class='ocrx_word' id='word_1_469' title='bbox 1112 4672 1260 4738; x_wconf 87' lang='lat' dir='ltr'><strong>longitudine</strong></span> <span class='ocrx_word' id='word_1_470' title='bbox 1270 4681 1294 4720; x_wconf 79' lang='lat' dir='ltr'><strong>et</strong></span> <span class='ocrx_word' id='word_1_471' title='bbox 1307 4667 1438 4726; x_wconf 81' lang='lat' dir='ltr'><strong>latitudine,</strong></span> 
     </span>
     <span class='ocr_line' id='line_1_49' title="bbox 147 4733 1440 4803; baseline -0.012 -6"><span class='ocrx_word' id='word_1_472' title='bbox 147 4745 239 4786; x_wconf 60' lang='grc' dir='ltr'><strong>00016ῐὸ</strong></span> <span class='ocrx_word' id='word_1_473' title='bbox 260 4745 358 4785; x_wconf 65' lang='lat' dir='ltr'><strong>“We</strong></span> <span class='ocrx_word' id='word_1_474' title='bbox 379 4737 585 4790; x_wconf 55' lang='grc' dir='ltr'><strong>1ΗθῑὸῑῑῑῐῐὶΡῦὅῡῑῐῑῑ</strong></span> <span class='ocrx_word' id='word_1_475' title='bbox 605 4741 646 4788; x_wconf 54' lang='grc' dir='ltr'><strong>ΡΗ·</strong></span> <span class='ocrx_word' id='word_1_476' title='bbox 667 4740 777 4786; x_wconf 51' lang='lat' dir='ltr'><strong>&amp;mlum</strong></span> <span class='ocrx_word' id='word_1_477' title='bbox 809 4738 927 4802; x_wconf 84' lang='lat' dir='ltr'><strong>simulque</strong></span> <span class='ocrx_word' id='word_1_478' title='bbox 937 4737 995 4787; x_wconf 71' lang='lat' dir='ltr'><strong>noti</strong></span> <span class='ocrx_word' id='word_1_479' title='bbox 1005 4737 1154 4803; x_wconf 82' lang='lat' dir='ltr'><strong>longitudine</strong></span> <span class='ocrx_word' id='word_1_480' title='bbox 1168 4737 1236 4796; x_wconf 87' lang='lat' dir='ltr'><strong>Solis,</strong></span> <span class='ocrx_word' id='word_1_481' title='bbox 1252 4737 1320 4784; x_wconf 73' lang='lat' dir='ltr'><strong>datur</strong></span> <span class='ocrx_word' id='word_1_482' title='bbox 1330 4733 1440 4782; x_wconf 77' lang='lat' dir='ltr'><strong>distantia</strong></span> 
     </span>
    </p>
   </div>
   <div class='ocr_carea' id='block_1_6' title="bbox 709 4819 897 4886">
    <p class='ocr_par' dir='ltr' id='par_1_24' title="bbox 709 4819 897 4886">
     <span class='ocr_line' id='line_1_50' title="bbox 709 4819 897 4886; baseline 0 -16"><span class='ocrx_word' id='word_1_483' title='bbox 709 4819 897 4886; x_wconf 50' lang='grc' dir='ltr'><strong>χω’</strong></span> 
     </span>
    </p>
   </div>
   <div class='ocr_carea' id='block_1_7' title="bbox 0 0 1700 5675">
    <p class='ocr_par' dir='ltr' id='par_1_25' title="bbox 0 0 1700 5675">
     <span class='ocr_line' id='line_1_51' title="bbox 0 0 1700 5675; baseline 0 5"><span class='ocrx_word' id='word_1_484' title='bbox 0 0 1700 5675; x_wconf 95' lang='lat' dir='ltr'><strong> </strong></span> 
     </span>
    </p>
   </div>
  </div>
 </body>
</html>
