3392 5675
18 458 19 539 }
128 418 236 486 Lmen
251 418 431 501 ibamus]
477 418 719 491 PRINCdPIA
742 420 1118 494 MATHEMAtha.
1365 433 1402 491 11

325 671 611 741 PROPOSITIO
633 673 782 741 XXVII.
827 674 1090 745 PROBLEMA
1110 678 1208 745 VIII.

262 858 314 927 Ee
327 867 407 921 motu
420 858 544 921 horario
558 856 659 919 Lunae
673 856 807 920 inuenire
822 856 915 939 ipsius
931 855 1107 917 distantiam
1122 876 1143 915 a
1161 852 1269 917 Terrd.

168 1032 206 1116 (i)
224 1031 317 1108 Ares,
335 1052 428 1119 quam
440 1030 533 1095 Luna
543 1028 632 1093 radio
646 1028 686 1092 sd
701 1027 835 1093 Terram
849 1026 946 1098 ducto
960 1025 1090 1112 siugulis
1102 1026 1253 1110 temporis
1266 1048 1414 1091 momen&

36 1155 38 1159 ’
126 1140 163 1205 tis
177 1140 334 1220 describit,
351 1152 398 1205 est
412 1152 448 1204 ut
461 1150 567 1203 motus
581 1136 724 1202 horarius
740 1135 843 1200 Lunoe
856 1148 889 1199 et
901 1134 1088 1221 quadratum
1101 1133 1257 1200 distantias
1272 1132 1374 1200 Luna
1387 1157 1408 1199 a

17 1248 18 1291 ³
126 1248 225 1314 Terra
248 1248 454 1334 conjunctim
476 1258 509 1311 et
528 1257 695 1331 propterea
714 1242 863 1307 distantia
876 1241 979 1314 Luna
1000 1266 1020 1305 a
1041 1240 1143 1308 Terra
1162 1253 1212 1305 est
1232 1242 1266 1304 in
1286 1242 1408 1307 ratione

45 1350 48 1357 ¹
126 1358 295 1443 composita
318 1380 359 1422 ex
379 1352 595 1441 subduplicati
618 1354 739 1422 ratione
760 1374 842 1420 areae
864 1350 983 1417 diroett
1005 1362 1036 1415 et
1057 1338 1273 1435 subduplicati
1288 1352 1430 1431 ratione,

27 1454 30 1461 K
124 1478 226 1533 motus
240 1466 360 1529 horarii
373 1463 506 1528 inversi.
552 1463 594 1539 Q.
611 1486 638 1526 e.
654 1462 674 1529 i.

133 1576 136 1583 ’
169 1578 268 1640 Cerci.
288 1585 315 1647 i.
360 1574 450 1638 Hinc
463 1573 556 1637 datru
570 1571 672 1635 Luna
687 1569 838 1633 diameter
852 1588 1024 1653 apparens:
1047 1567 1163 1653 quippe
1178 1588 1249 1652 quas
1271 1566 1311 1629 sit
1330 1564 1408 1628 reci-

17 1706 19 1785 )
124 1681 219 1767 proce
243 1694 278 1745 ut
301 1680 404 1765 ipsius*
421 1678 566 1741 distantia
585 1700 605 1741 a
624 1675 734 1740 Tetri.
780 1675 819 1759 (¹)
840 1674 980 1738 Tentent
1003 1672 1174 1736 astronomi
1195 1670 1288 1757 quim
1309 1670 1408 1755 probe

17 1786 19 1867 ζ
123 1787 191 1854 haec
208 1784 331 1873 Regula
347 1806 418 1848 cum
432 1780 647 1868 phaenomenis
662 1792 822 1867 congruat.

170 1896 268 1958 Corol.
285 1900 315 1955 2.
361 1893 398 1976 (⁸)
416 1892 505 1955 Hinc
516 1890 609 1957 etiarn
621 1889 704 1953 orbis
715 1886 832 1955 lunaris
844 1886 1018 1954 accuratiirs
1033 1886 1301 1981 epraenomenis
1313 1886 1408 1974 quim

125 2000 255 2071 antehac
269 1999 392 2067 definiri
406 2010 517 2084 potest

329 2234 614 2303 PROPOSITIO
637 2232 805 2329 xxiiii
853 2230 1113 2298 PROBLEMA
1136 2233 1200 2297 IX.

147 2414 287 2481 Invenire
301 2413 462 2475 diametros
475 2410 556 2474 orbis
570 2412 604 2473 ιἰι
619 2429 677 2491 quo
686 2408 790 2482 nina,
806 2409 873 2469 sine
886 2408 1120 2489 eecentrieitate,
1135 2408 1248 2471 moveri
1261 2407 1387 2471 deberet.

169 2585 345 2649 Curvatura
369 2582 564 2668 trajectorioe,
594 2602 688 2664 quam
713 2576 838 2655 mobile,
866 2578 894 2643 si
919 2578 1093 2643 secundum
1118 2579 1302 2664 trajectoriae
1327 2576 1410 2639 illius

124 2685 382 2777 perpendiculum
395 2686 545 2763 trahatur,
570 2684 727 2761 describit,
751 2694 854 2747 estut
876 2684 1019 2747 attractio
1033 2682 1149 2747 directe
1171 2694 1203 2746 et
1224 2682 1411 2767 quadratum

15 2865 16 2877 χ
124 2790 295 2862 velocitatis
310 2793 441 2860 inversi.
486 2792 525 2880 (l)
550 2791 740 2858 Curvaturss
754 2788 906 2854 linearum
921 2810 1008 2875 pono
1029 2810 1096 2854 esse
1110 2789 1192 2853 inter
1207 2811 1240 2852 se
1254 2788 1288 2853 in
1302 2784 1410 2851 ultimi

156 2964 193 3030 (Υ)
207 2969 259 3016 115.
279 2965 424 3028 Arecqrssm
435 2966 508 3012 Luna
524 2963 619 3024 ιίιιειιὶὶι
635 2962 754 3012 maneatis
784 2957 898 3010 s'rentz
917 2974 980 3017 mm,
996 2958 1145 3023 per-praeed.
1161 2959 1232 3020 Prop
1250 2973 1328 3007 areas
1339 2957 1412 3007 Luni

125 3027 753 3090 dembirmsrmautomtastsmrquadratam
783 3021 904 3082 dacripta,
918 3033 953 3071 est
963 3033 991 3071 ut
1001 3038 1094 3071 summa
1109 3023 1200 3069 numeri
1212 3028 1301 3071 atate
1311 3033 1335 3070 et
1345 3023 1411 3070 sinus

125 3095 239 3142 mutia
246 3095 349 3142 Lanu
360 3095 440 3140 Terra·
465 3087 664 3154 DesignetTPp
675 3102 753 3136 mam
783 3086 842 3134 versi
852 3085 919 3147 dupli
929 3086 1012 3150 anguli
1031 3087 1087 3134 PT
1100 3086 1120 3134 C
1136 3101 1190 3148 quae
1207 3086 1226 3130 si
1243 3086 1359 3133 dividatur
1369 3101 1412 3145 per

782 3161 876 3200 motum
886 3151 1005 3197 horarium
1015 3150 1056 3212 qui
1067 3150 1225 3196 observatione
1235 3149 1359 3205 obtinetur,
1372 3164 1409 3195 ra·

782 3213 823 3262 dix
841 3214 954 3276 quadrata
989 3214 1026 3261 'us
1043 3212 1169 3276 quatientis
1188 3212 1232 3256 erit
1250 3221 1278 3258 ut
1294 3211 1410 3258 munda

408 3307 410 3309 ·
784 3277 849 3334 PT,
868 3285 892 3324 et
907 3229 997 3328 invess
1012 3286 1040 3324 ut
1056 3276 1134 3327 Luna
1144 3273 1250 3323 diametri
1264 3283 1407 3338 apparentes.

254 3357 280 3402 ι·
785 3341 867 3396 erare
888 3340 907 3386 si
927 3341 953 3386 hi
973 3340 1044 3388 etiarn
1065 3340 1177 3388 observati
1199 3339 1294 3391 fuerint,
1316 3338 1411 3387 collatio

255 3430 272 3472 s
337 3401 363 3444 ’Ξ
606 3391 631 3446 Τ
783 3403 968 3453 observationum
976 3418 1032 3451 curn
1039 3402 1410 3466 numerissicinventisilegulam

784 3467 963 3515 Newtoniauam
975 3465 1104 3516 illustrabit.

126 3530 265 3592 descriptam
282 3545 297 3578 a
316 3527 388 3578 Luni
406 3527 487 3592 quovis
504 3526 658 3588 tempusculo,
679 3526 754 3588 sitque
817 3529 852 3591 (¹)
880 3533 894 3564 ⁹
916 3533 981 3580 Hine
1002 3533 1071 3580 dmm
1092 3533 1150 3579 orbis
1170 3533 1262 3581 lunaris
1278 3530 1411 3580 mamis

128 3595 257 3656 Ppsrcus
268 3609 345 3643 cuma
356 3592 479 3656 cujuslibet
485 3609 493 3650 ;
505 3602 585 3638 centm
597 3590 693 3638 Tradio
706 3592 754 3651 Tp
784 3593 857 3656 quim
877 3597 974 3642 antehae
995 3596 1086 3660 affinia
1103 3604 1181 3656 potest.
1229 3594 1300 3642 orbis
1321 3594 1410 3641 lunaris

127 3659 271 3706 describatur
289 3673 355 3705 arcus
373 3655 491 3704 circularis
511 3654 558 3717 Pq
576 3655 616 3715 qui
633 3669 676 3714 pro
692 3651 755 3701 recti
784 3659 861 3720 ligura
868 3657 959 3704 deliniri
973 3658 1274 3718 potestperobservationes
1286 3657 1410 3704 diametm-

126 3721 313 3783 perpendiculari
321 3721 346 3768 in
355 3720 440 3772 lineam
450 3719 496 3779 Tp
506 3719 592 3766 munii
601 3727 682 3777 potest,
688 3716 754 3765 ideb-
784 3737 837 3768 rum
844 3721 1005 3782 apparentium
1015 3721 1124 3768 Lunain
1133 3721 1192 3768 datis
1199 3721 1292 3784 augulis
1302 3724 1412 3780 apuneio
1453 3739 1458 3747 ·

126 3801 173 3848 que
189 3801 243 3834 area
253 3801 268 3831 a
280 3782 351 3835 Luni
366 3783 480 3844 descripta
495 3783 538 3829 erit
554 3790 581 3828 ut
598 3782 620 3829 T
633 3781 654 3828 P
667 3788 692 3838 Χ
705 3796 754 3843 pq,
784 3784 886 3846 quodam
898 3785 961 3842 tm
978 3785 1055 3846 sicque
1073 3783 1128 3831 cum
1145 3786 1260 3832 distantia
1271 3785 1350 3832 Luna
1365 3782 1412 3830 sint

127 3849 216 3912 gradus
226 3858 313 3905 autem,
331 3857 372 3896 aut
381 3847 473 3896 minuta
483 3846 507 3891 in
518 3861 574 3892 amu
590 3859 606 3905 p
617 3861 632 3907 q
648 3853 756 3892 contenta
784 3849 821 3895 his
832 3848 951 3896 diametris
960 3849 1124 3908 apparentibus
1137 3849 1266 3909 reciproca,
1282 3845 1412 3908 longitudi-

127 3913 297 3960 mensurabunt
318 3919 412 3960 monim
438 3911 574 3971 angularem
597 3909 674 3956 Luna
702 3906 756 3955 dato
786 3927 827 3958 nes
843 3910 958 3960 distantiis
975 3913 1053 3958 Luna
1067 3911 1249 3972 proportionales
1262 3911 1288 3960 iu
1302 3910 1412 3957 uteribus

128 3985 240 4036 tempore,
259 3975 300 4040 qui
348 3974 406 4021 ualis
423 3983 457 4020 est
474 3973 548 4019 motui
568 3972 755 4030 horrisonum,
786 3989 868 4022 eorum
879 3975 1023 4036 angulorum
1038 3976 1109 4022 secari
1119 3985 1217 4036 possum
1232 3984 1256 4022 et
1269 3987 1360 4032 pereas
1370 3987 1411 4019 ax-

128 4037 230 4101 ldebque
241 3989 364 4100 longitbdo
375 4037 480 4084 absoluta
489 4037 540 4098 ejus
550 4035 617 4084 arctis
626 4051 665 4098 pq
676 4035 719 4082 erit
729 4044 757 4083 ut
785 4039 913 4086 tremitates
923 4038 979 4085 duci
994 4048 1070 4098 potest
1085 4054 1156 4086 curva
1165 4039 1215 4086 orbi
1225 4037 1302 4087 lunari
1313 4035 1408 4084 similist

128 4102 181 4166 eius
191 4103 270 4152 radius
281 4101 338 4153 ΤΡ
354 4109 378 4148 et
392 4109 470 4150 motus
486 4099 589 4146 horarius
606 4101 684 4147 Luna
700 4113 757 4147 oon·
786 4101 827 4154 sed
838 4102 966 4149 observatio
976 4101 1082 4150 diametri
1093 4102 1218 4166 cujuslibet
1228 4099 1330 4159 eorporis
1340 4097 1412 4147 incidi

126 4165 237 4232 junctim,
253 4162 713 4224 uncamrnqueritutTPt
733 4171 757 4212 st
788 4175 822 4213 est
840 4165 909 4212 nitriis
927 4165 1016 4213 lubrica
1031 4177 1059 4214 ut
1075 4167 1129 4214 satis
1144 4175 1196 4212 tuta
1211 4179 1260 4210 esse
1276 4164 1347 4222 poesit
1362 4165 1413 4212 brec

128 4239 209 4280 motus
220 4229 324 4276 horarius
337 4229 411 4276 Luuse
421 4226 573 4288 conjunctim.
788 4229 927 4287 methodus3
940 4229 1031 4277 facilius
1040 4230 1159 4291 tutiusque
1169 4229 1413 4274 obsenaiarnturmo·

163 4293 201 4356 (⁵)
215 4297 228 4324 *
247 4295 344 4342 Tentent
354 4295 486 4346 ιιιινοιιοιιιί.
512 4289 663 4338 Obseruando
673 4305 758 4352 nempe
789 4302 827 4340 tus
836 4291 1027 4342 horariusLuna
1034 4289 1414 4357 ejusquedistantiaaquadraturb

128 4367 221 4404 motum
231 4355 349 4404 horarium
360 4356 436 4403 Luna
446 4357 471 4402 in
482 4354 550 4402 variis
556 4354 698 4414 temporibus
708 4355 759 4418 ejus
789 4354 905 4418 proximis,
921 4358 977 4404 hinc
987 4359 1064 4418 itaque
1075 4353 1205 4405 semaces
1220 4353 1315 4418 cogniti
1324 4354 1414 4401 ratione

128 4419 220 4482 periodi
231 4429 254 4467 st
264 4419 335 4466 simul
345 4419 458 4481 capilum
469 4419 530 4466 inter
538 4417 615 4464 Salem
626 4427 650 4466 et
661 4417 756 4466 Lunam
788 4419 950 4468 distantiarum
970 4420 1047 4467 Luna
1063 4435 1078 4466 a
1096 4416 1170 4467 Tetri
1190 4421 1215 4466 in
1237 4419 1297 4466 datis
1312 4417 1414 4480 angulis,

129 4483 287 4544 interceptum
296 4492 322 4529 ut
330 4482 386 4528 inde
392 4483 504 4530 habeatur
512 4483 563 4545 ejus
570 4481 678 4528 distantia
688 4481 756 4531 PTC
788 4482 919 4531 accuratius
927 4483 1051 4530 definietur
1058 4481 1128 4546 quam
1139 4486 1237 4531 antehac
1244 4483 1306 4530 orbis
1313 4482 1410 4529 lunaris·

129 4563 146 4598 ι
162 4545 304 4609 quadraturi
323 4543 429 4606 proximis
448 4547 477 4602 C,
496 4545 550 4592 inde
569 4545 631 4592 enirn
648 4555 758 4605 poimunt
822 4546 856 4610 (l)
891 4551 1030 4597 θιινιιιιιιιιω
1051 4549 1174 4604 limorum,
1196 4549 1238 4594 dcc.
1284 4547 1416 4596 Curvatura

130 4611 211 4674 colligi
218 4610 310 4658 numeri
316 4608 497 4672 proportionales
503 4609 615 4658 manae
624 4609 646 4660 Ρ
651 4609 757 4658 'I'Lunae
789 4609 859 4658 boare
873 4618 910 4660 est
925 4609 976 4675 ejus
991 4609 1090 4660 deflexio
1104 4627 1120 4660 a
1135 4621 1251 4676 ungenta
1268 4619 1292 4659 et
1307 4607 1415 4658 ωιιῑιιιιιὶ

165 4695 228 4742 Vos·
242 4695 294 4744 111.
309 4695 380 4744 Pasa
392 4693 430 4742 11.
499 4715 504 4726 ·
761 4693 784 4742 B
