3392 5675
276 483 340 541 tet
581 470 927 543 PHILOSOPHIAE
945 468 1217 539 NATURALIS
1249 470 1455 553 [Dr-Murtn.
1469 472 1562 538 Svsr.

516 727 802 796 PROPOSITIO
824 726 901 793 XL.
948 722 1219 793 THEOREMA
1240 723 1323 791 XX.

275 906 410 967 Cornetus
425 904 458 965 in
472 900 648 965 sectionibus
662 901 772 964 corticis
785 898 937 962 umbilicos
951 899 986 960 itt
997 906 1100 961 tenuo
1113 896 1193 962 Solis
1205 893 1381 958 bubonibus
1394 893 1516 971 moveri,
1532 902 1561 957 et

358 1008 458 1071 radiis
471 1009 515 1069 cd
527 1008 624 1073 Solem
638 1008 734 1069 duab
748 1026 838 1069 areas
852 1005 1032 1087 temporibus
1040 1002 1289 1087 proportionales
1300 1000 1473 1066 describere.
1639 1011 1644 1020 ’

320 1204 359 1288 (“)
384 1202 476 1269 Patet
495 1222 553 1287 per
566 1200 684 1266 'CoroL
702 1208 731 1263 1.
748 1198 844 1285 Prop.
862 1198 963 1263 XIII.
980 1196 1070 1262 Libri
1077 1196 1189 1273 Primi,
1211 1194 1445 1266 collatnmcum
1460 1194 1559 1280 Prop.

273 1306 369 1371 VIII.
385 1306 466 1371 XII.
481 1317 514 1370 et
528 1304 628 1370 XIII.
645 1302 842 1373 LibriTcrtii.
1162 1334 1164 1341 ·

317 1416 415 1477 Conci·
433 1421 462 1475 1.
487 1410 575 1475 Hinc
596 1411 624 1475 si
644 1420 774 1474 cometae
795 1410 829 1473 in
850 1405 960 1472 orbem
979 1408 1122 1486 redeunt,
1143 1406 1237 1471 orbes
1258 1416 1351 1470 errmt
1370 1403 1505 1498 ellipse,
1527 1414 1561 1469 et

269 1530 412 1603 tempora
430 1519 590 1604 periodica
610 1530 703 1607 erunt
723 1516 764 1582 nd
785 1528 928 1603 tempora
947 1517 1108 1602 periodica
1129 1516 1325 1601 planetarum
1339 1516 1378 1600 (⁰)
1391 1514 1427 1579 in
1447 1513 1559 1579 uiam

268 1629 489 1715 principalium
502 1629 622 1693 ratione
636 1628 862 1715 sesquiplicati.
904 1626 948 1713 (Ρ)
965 1628 1105 1715 Idebque
1116 1640 1248 1692 cornone
1261 1626 1398 1691 maximi
1411 1648 1454 1691 ex
1467 1638 1560 1712 parte
1585 1660 1589 1666 ·

270 1760 364 1823 snpra
377 1736 517 1822 planetas
523 1748 692 1814 versantes,
705 1749 737 1801 et
747 1758 786 1801 eo
796 1738 923 1801 nomine
933 1738 1026 1803 orbes
1037 1738 1147 1802 axibus
1157 1738 1326 1822 majoribus
1334 1736 1556 1816 describentes,

300 1909 336 1974 (¹²)
356 1914 370 1941 ⁸
391 1914 466 1959 Patet.
503 1910 623 1967 Qucum
642 1918 739 1957 ennete
760 1918 828 1957 moer
849 1924 894 1957 sno
928 1907 1557 1966 ΔΡνΒ,αὼω1πίιιιεηΔίὶιώωοιιᾰιωτει

266 1972 436 2021 liueasmns
450 1971 511 2021 u'rcd
528 1974 606 2022 Solem
617 1973 757 2030 dentibunt,
772 1976 894 2020 utatis·
923 1972 1556 2035 tnncprimitmobservetnrcdrnsdlocumertven.

246 2036 537 2095 ‚madonibuscom
550 2036 895 2101 sinliqubsnrcturactilioeo
923 2038 975 2095 erit,
992 2038 1079 2085 lineam
1093 2039 1146 2087 BC
1161 2036 1325 2097 descripturus.
1356 2037 1556 2099 lnhccumoque

266 2098 434 2163 detorquentur
451 2102 503 2165 (per
519 2102 566 2165 leg.
585 2100 629 2161 1.).
676 2100 796 2159 Quoniam
814 2109 894 2148 autern
926 2116 981 2148 caat
1000 2102 1037 2148 via
1053 2112 1148 2149 comete
1164 2117 1180 2149 a
1196 2100 1258 2148 lineis
1273 2099 1336 2148 rectit
1354 2115 1438 2159 parum
1453 2098 1554 2147 differet.

267 2164 317 2213 lucc
334 2164 370 2213 via
387 2164 589 2227 qunplnelnrs
606 2163 895 2225 linrbrsctisdetoequet
924 2163 1555 2225 Inprimnmcoetettrsssolaabmticredrn·

266 2226 367 2275 maximi
388 2228 463 2276 tendit
483 2238 562 2275 susus
585 2228 664 2275 Solem
685 2236 713 2274 nt
733 2226 787 2287 poti
807 2242 892 2287 corpus
924 2237 971 2285 tar,
991 2229 1047 2293 quis
1064 2228 1096 2277 sd
1117 2230 1196 2277 Solem
1214 2229 1357 2281 accedente.
1375 2242 1418 2289 pro
1432 2227 1556 2274 decunctis

266 2300 350 2337 cetera
367 2292 446 2338 omnia
463 2291 591 2352 systematis
609 2290 690 2339 solaris
707 2304 803 2355 corporo
821 2290 892 2352 longe
923 2291 1080 2341 habebunum
1115 2292 1147 2340 In
1157 2294 1230 2342 altero
1240 2307 1304 2348 casn,
1320 2292 1402 2339 sSols
1412 2292 1555 2338 videbuntur

266 2368 384 2413 superans,
404 2354 486 2401 eadem
501 2354 595 2419 qunque
611 2354 645 2401 sis
658 2354 684 2399 ln
698 2364 799 2401 comana
815 2354 894 2401 Solem
923 2368 1043 2417 emergere
1062 2357 1118 2421 quir
1138 2366 1195 2405 tunc
1221 2357 1325 2418 primum
1345 2371 1395 2405 sese
1415 2356 1555 2415 conspicuos

267 2416 370 2489 maximi
385 2418 454 2464 debet
469 2418 587 2477 respicere.
631 2417 678 2465 Sed
696 2416 730 2463 vis
746 2416 893 2465 accelerctrir
924 2421 1080 2477 prebuerunt,
1101 2420 1159 2467 dum
1177 2436 1192 2467 a
1210 2421 1265 2468 Sole
1285 2420 1311 2465 in
1330 2428 1431 2467 semmae
1447 2418 1555 2479 regiones

267 2492 294 2525 ¹¹¹
309 2479 452 2539 eludit&
466 2479 895 2542 hdutiiwiratbuedlwfinm
923 2480 1080 2535 &wdehus-
1115 2483 1191 2535 rme
1206 2484 1266 2534 dum
1279 2482 1555 2535 messembriam

265 2556 281 2588 a
293 2542 346 2589 Sole
356 2542 445 2593 inversi
456 2544 540 2607 (Prop.
553 2545 632 2592 VIII.
643 2544 696 2591 Lib.
710 2544 786 2605 111.).
812 2544 893 2600 Quarti

265 2606 363 2654 carm
373 2621 466 2670 quoque
481 2609 559 2671 legem
569 2610 689 2656 marc
699 2607 785 2657 debent
793 2618 893 2656 comete
1219 2626 1258 2676 v

265 2684 320 2731 quo
337 2680 394 2719 rum
409 2686 505 2733 corpora
523 2672 623 2733 planetis
639 2672 730 2731 similis,
749 2687 777 2719 ac
795 2672 893 2733 proinde
1052 2673 1055 2680 '

281 2733 334 2781 Cor.
350 2735 421 2795 Prop.
435 2736 517 2783 XIIL
529 2736 583 2784 Lib.
596 2735 616 2783 1.
627 2745 651 2783 et
663 2736 734 2797 Prop.
745 2736 825 2783 xnn
838 2736 892 2785 Lib.

283 2796 334 2860 ΙΙ.)
345 2808 442 2850 cometas
452 2814 500 2848 non
511 2815 614 2848 musac
629 2800 729 2862 planetes
744 2800 770 2848 in
784 2799 891 2860 actioni·

264 2861 309 2908 bns
320 2861 406 2909 conicit
416 2864 537 2912 umbilicos
548 2865 573 2910 in
584 2875 663 2912 centro
678 2865 739 2912 Solis
754 2865 892 2912 habentibus

265 2935 388 2972 moventur
403 2935 427 2972 et
442 2928 513 2976 radiis
532 2928 562 2974 ad
579 2928 658 2974 &lem
668 2929 745 2976 ductis
755 2943 819 2975 uass
830 2937 891 2976 tem·

264 2987 360 3048 poribus
370 2989 552 3052 proportionales
568 2991 708 3039 describunt.
745 2992 807 3040 Huc
822 2989 856 3039 iti
866 3007 891 3040 ac

264 3051 357 3109 babent,
367 3053 394 3106 vsi
412 3053 452 3100 s01
468 3069 482 3100 e
492 3054 544 3102 loco
555 3069 599 3101 suc
609 3055 743 3101 nullatenus
752 3063 889 3113 moventem

242 3133 243 3142 ¹
265 3114 306 3162 sad
321 3117 430 3179 quamue
448 3118 489 3166 Sol
507 3133 548 3178 per
565 3118 726 3176 attractionem
743 3118 891 3178 pinsum

264 3189 376 3240 perpenso
388 3189 455 3230 motu
463 3184 569 3244 agitatur,
580 3197 627 3228 non
634 3193 713 3230 tamen
723 3181 794 3244 longi
804 3182 892 3230 rmdit

264 3257 279 3290 a
290 3245 409 3290 commum
416 3246 534 3308 gravitatis
539 3255 617 3294 centro
623 3246 768 3306 planetarum
774 3246 889 3303 carnium,

265 3303 365 3368 idebqus
380 3309 450 3355 etism
467 3319 563 3358 cometa
576 3310 653 3372 quiin
663 3309 822 3372 regionibusa
835 3310 890 3358 Sole

264 3370 366 3417 maxime
388 3371 473 3420 discitis
491 3382 670 3430 commorantur,
688 3388 737 3419 non
750 3388 891 3436 magnopere
1378 3434 1381 3437 Ι

264 3432 334 3496 hujus
344 3435 417 3482 centri
427 3435 499 3486 situm
514 3439 606 3484 turbere
621 3446 725 3498 possum.
762 3435 841 3492 Queri
852 3452 890 3484 or-

264 3495 365 3544 bitarum
376 3513 472 3556 suarum
482 3500 606 3548 umbilicus
622 3515 670 3547 non
685 3499 755 3562 longi
766 3500 860 3550 distabit
875 3517 890 3549 a
919 3499 1044 3555 descondit,
1062 3495 1122 3560 pull
1140 3495 1198 3548 dum
1217 3495 1276 3544 ΑΡ
1293 3495 1407 3555 percurrit
1419 3495 1500 3557 posted
1515 3497 1547 3546 nd

263 3569 343 3608 centro
355 3560 422 3618 Solis,
437 3577 464 3609 cc
480 3563 577 3623 proinde
592 3563 718 3624 propositio
731 3565 781 3612 hese
791 3580 845 3612 vera
855 3574 890 3614 est
924 3565 1001 3613 Solem
1012 3563 1123 3612 secedens
1133 3564 1178 3610 sub
1193 3559 1244 3623 ejus
1253 3559 1323 3607 rediit
1340 3559 1401 3615 latet,
1417 3559 1476 3622 1³¹¹ss
1485 3561 1547 3608 dum

264 3623 447 3686 quamproxime
491 3627 615 3681 Quantum
635 3627 742 3675 accurate
763 3629 889 3677 observatis
921 3629 944 3676 P
961 3629 985 3675 V
1003 3629 1025 3675 B
1044 3625 1157 3680 describit,
1174 3624 1314 3686 tandemque
1332 3622 1391 3671 dum
1410 3624 1442 3672 ad
1462 3623 1546 3673 alteras

263 3697 405 3736 cometarum
417 3689 518 3738 motibus
528 3697 647 3753 congruat,
660 3691 746 3750 patebit
756 3691 871 3752 deinceps.
921 3691 981 3740 Solis
991 3699 1067 3752 paroes
1077 3687 1154 3737 subitb
1168 3687 1273 3750 emergit,
1290 3697 1415 3750 usurpatur
1425 3687 1487 3749 sepe
1501 3705 1546 3749 pro

269 3807 272 3814 ,
296 3756 350 3801 156.
379 3752 497 3814 Keplerus
514 3754 599 3816 aliique
617 3763 669 3814 post
686 3769 741 3802 eum
763 3755 889 3804 asucncmi
918 3770 980 3802 novo
995 3762 1085 3802 cometa
1100 3767 1114 3800 a
1131 3751 1203 3812 priori
1220 3750 1246 3797 in
1267 3753 1290 3799 A
1304 3752 1325 3798 P
1337 3752 1434 3808 diverso,
1450 3763 1474 3799 et
1487 3752 1544 3800 duae

264 3829 312 3862 non
323 3818 398 3877 pauci.
410 3828 510 3866 cometas
520 3818 545 3864 in
555 3817 622 3866 lineis
630 3818 697 3866 rectis
707 3820 792 3864 moveri
803 3834 888 3879 posuc-
917 3829 987 3868 recte
1005 3819 1028 3866 A
1041 3819 1069 3874 P,
1088 3817 1111 3867 B
1124 3817 1144 3864 C
1158 3829 1202 3876 pro
1212 3814 1304 3863 duabus
1313 3816 1447 3878 trajectcriis
1455 3817 1545 3864 baben-

263 3889 326 3938 nent,
338 3891 361 3928 et
371 3878 426 3929 inde
436 3891 578 3929 cometarum
584 3882 739 3945 quorumdam
749 3882 800 3929 loca
810 3885 888 3930 obser·
918 3891 963 3930 tur.
995 3883 1033 3932 Er
1044 3881 1081 3928 his
1090 3888 1154 3941 patet
1163 3894 1206 3927 cur
1215 3880 1351 3942 trajectorite
1360 3876 1492 3935 rectilineae,
1502 3883 1546 3928 ob-

263 3943 394 3998 taticn‘ibus
412 3944 466 3993 satis
484 3959 588 4008 congnn
603 3945 693 3994 calculo
710 3946 885 4008 invesugarnnt.
918 3947 1012 3994 munds
1027 3953 1170 3993 cometarum
1185 3944 1287 3990 motibus
1302 3943 1439 4006 plerumque
1448 3959 1546 4004 respon.

265 4005 314 4055 Res
324 4007 357 4056 iti
368 4008 491 4057 succedere
500 4019 582 4070 potest,
594 4009 614 4058 si
624 4009 889 4058 cumaurcomeutn
918 4009 995 4058 deant.
1032 4010 1062 4058 Id
1077 4009 1104 4056 lit
1119 4007 1208 4069 niteo
1220 4007 1249 4054 eb
1263 4007 1327 4069 qnod
1342 4007 1421 4069 aliqua
1430 4006 1547 4056 duntaxat

263 4067 292 4116 ei
302 4071 403 4132 jtantum
420 4074 499 4122 orbito
519 4089 569 4121 rue
581 4083 649 4134 parte
664 4089 717 4135 ques
735 4089 750 4121 a
763 4072 826 4122 recti
839 4089 889 4122 non
902 4075 993 4134 {portio
1007 4073 1142 4137 trajectoriae
1157 4086 1200 4132 pro
1215 4070 1305 4134 integri
1314 4070 1444 4133 trajectorii
1459 4073 1545 4120 habea-

265 4133 367 4185 multum
378 4137 475 4185 differat.
512 4139 547 4186 stt
560 4139 583 4185 Δ
594 4134 615 4185 P
625 4137 648 4184 V
658 4139 680 4184 B
689 4139 716 4192 c,
724 4141 797 4197 rccdo
807 4139 889 4188 ronna
917 4146 963 4186 tur.
1001 4140 1036 4186 At
1051 4137 1070 4183 si
1086 4145 1134 4184 tcta
1148 4134 1219 4182 simul
1233 4134 1390 4194 consideretur
1404 4145 1454 4183 tam
1467 4136 1492 4181 in
1508 4153 1545 4184 as.

262 4196 390 4246 admodum
400 4201 529 4252 excentrica
544 4201 570 4250 in
585 4201 654 4264 cujus
665 4201 776 4250 umbilico
785 4202 859 4252 rltesc
871 4203 896 4250 S·
918 4217 989 4250 censu
1007 4216 1088 4250 sersm
1108 4199 1186 4247 Solem
1203 4196 1275 4260 quim
1292 4200 1319 4244 in
1337 4198 1457 4256 descensu,
1473 4198 1547 4248 aliam

263 4259 402 4310 collocatum
412 4265 442 4313 sit
454 4265 514 4312 Solis
524 4274 638 4314 ceruum.
674 4265 794 4316 Ponamus
810 4281 888 4316 ccme-
919 4259 1009 4314 nullcrn
1031 4273 1113 4327 preter
1133 4261 1258 4310 armonem
1284 4263 1389 4310 ccnicam
1415 4263 1546 4312 satisfacere

262 4333 310 4370 tam
331 4328 453 4386 observari,
473 4329 532 4377 dum
551 4330 631 4378 orbitis
648 4345 696 4376 suar
711 4339 801 4390 partem
819 4331 843 4377 A
857 4330 887 4388 P,
917 4328 1038 4378 connatis.

261 4385 384 4448 describit3
402 4390 451 4438 lieri
466 4402 542 4454 potest
557 4402 584 4442 ut
599 4393 689 4456 reliquo
702 4403 812 4453 tempore,
829 4393 889 4441 dum
950 4395 984 4456 (⁰)
1002 4398 1015 4425 ⁹
1033 4389 1065 4442 ln?
1080 4394 1159 4440 mum
1175 4393 1341 4452 principalium
1355 4393 1444 4451 sutem
1459 4393 1546 4456 sesqui-

263 4450 375 4498 sciliceta
385 4452 436 4500 loco
449 4455 477 4512 P,
490 4472 531 4518 per
542 4457 573 4514 V,
589 4459 619 4514 B,
631 4457 661 4506 ad
671 4457 750 4504 locum
762 4458 782 4504 C
794 4473 888 4516 promo·
914 4455 1013 4519 plicari.
1048 4456 1131 4518 (Prop.
1147 4455 1207 4503 XV.
1224 4456 1277 4502 Lib.
1293 4454 1328 4516 Ι.)

261 4523 335 4570 vetur,
353 4514 378 4562 in
395 4517 500 4580 regiones
515 4521 679 4570 remotissimas
690 4521 769 4568 abiens
778 4522 853 4569 oculis
863 4537 888 4568 sc
952 4520 1023 4584 (P)··
1035 4519 1134 4582 Idebque
1144 4529 1235 4568 casneto
1244 4517 1345 4569 morbosi
1356 4537 1383 4568 es
1394 4529 1462 4580 parte
1471 4518 1545 4581 atprd

260 4578 375 4626 subducat
385 4588 409 4626 ct
419 4584 462 4629 sub
472 4582 542 4629 radiis
552 4584 887 4645 solaribusdelitescatrespcc-
915 4587 1021 4646 planem
1036 4593 1158 4639 commeo,
1176 4598 1223 4644 quc
1239 4593 1342 4642 tempore
1360 4583 1446 4630 scilicet
1464 4583 1546 4630 oculos

260 4651 288 4689 tu
303 4645 453 4692 observatoris
468 4645 494 4690 in
511 4646 606 4693 Tellure
622 4647 683 4695 circi
696 4649 773 4695 Solem
787 4647 886 4707 Smetri,
919 4658 1008 4694 nostros
1022 4647 1125 4711 fugiunt,
1142 4657 1166 4694 et
1181 4662 1210 4692 eo
1222 4649 1317 4694 nornine
1328 4650 1393 4694 orbes
1403 4648 1485 4694 nribus
1495 4661 1547 4694 mn·

259 4707 297 4755 vel
319 4709 388 4758 etiam
410 4707 513 4756 accidere
537 4718 613 4768 potest
633 4719 667 4769 ut,
694 4723 760 4760 motu
785 4713 888 4760 Telluris
915 4711 1198 4774 joribnsqunntplrnetn
1208 4709 1362 4758 describentes
1372 4711 1459 4758 tardius
1469 4710 1546 4757 revol-

259 4769 292 4817 iti
308 4772 422 4836 erigente,
440 4781 530 4820 cometa
548 4787 683 4833 percurrens
699 4778 781 4822 orbito
796 4787 886 4837 partem
917 4786 1006 4823 ventur.
