3392 5675
276 481 337 539 110
574 470 916 541 PHILOSOPHIAE
937 468 1211 537 Numanus
1242 468 1318 549 [Du
1328 466 1453 531 Munn.
1465 464 1562 532 sior.

270 646 338 709 nuli
348 646 541 733 ·cuujuuotim
555 660 694 734 aequaret
708 646 810 711 lucem
824 646 922 733 globi,
944 644 1035 731 cujus
1052 642 1204 707 dimeter
1216 650 1297 707 esset
1321 640 1383 707 80''
1392 662 1402 703 1
1423 638 1484 715 erit
1496 636 1564 704 dis-

270 754 369 819 tantia
382 768 513 819 comctae
526 755 568 819 ad
582 755 760 819 distantiam
774 756 903 821 Sanum
915 766 953 819 ut
968 762 983 816 1
999 753 1043 817 ad
1064 754 1097 817 θ’
1114 750 1282 828 timasi,
1296 768 1330 815 et
1347 752 1416 813 12¹2
1430 748 1474 814 ad
1488 749 1561 813 80¹¹.

271 860 399 938 directi,
414 860 448 925 id
463 874 519 939 est,
535 874 571 925 ut
584 870 627 926 11
642 863 683 927 ad
699 872 740 927 80
755 884 812 927 seu
825 870 846 926 4
862 862 905 926 ad
918 870 950 927 6.
995 862 1119 925 Rursus
1132 874 1254 924 cometa
1266 859 1343 923 anni
1358 865 1440 923 1665
1454 878 1563 921 mense

271 969 386 1052 Aprili,
408 980 445 1031 ut
465 981 575 1033 auctor
588 980 636 1034 est
651 968 815 1045 Herelius,
837 968 978 1033 claritate
991 967 1048 1031 sui
1067 988 1151 1051 pena
1164 967 1245 1031 lixas
1258 985 1367 1033 omnes
1381 966 1560 1050 superabat,

270 1073 440 1161 quinetiam
467 1074 571 1159 ipsum
603 1076 772 1139 Saturnum
800 1075 922 1139 ratione
950 1074 1065 1139 coloris
1093 1072 1237 1139 videlicet
1267 1070 1363 1158 longi
1389 1071 1561 1136 viridioris.

272 1184 401 1268 Quippe
421 1183 555 1247 lucidior
576 1195 643 1247 erat
663 1184 716 1248 bic
730 1197 853 1247 cometa
866 1183 966 1247 altero
978 1182 1044 1259 illo,
1066 1182 1121 1267 qui
1140 1181 1176 1245 in
1188 1180 1253 1245 fine
1265 1180 1342 1245 anni
1355 1178 1562 1263 prwedentis

270 1303 466 1377 apparuerat,
490 1302 615 1355 etcum
637 1290 733 1355 stellis
757 1291 869 1376 primae
892 1289 1115 1377 magnitudinis
1139 1286 1366 1353 conferebatur.
1410 1284 1563 1351 latitudo

270 1396 411 1481 capillitii
432 1408 500 1460 erat
520 1398 608 1481 quasi
632 1398 672 1461 δ’.
695 1408 727 1460 at
748 1396 878 1461 mrcleus
898 1418 972 1460 cum
991 1394 1125 1479 planetis
1145 1416 1207 1477 ope
1226 1393 1294 1457 urbi
1313 1391 1410 1476 optici
1428 1391 1562 1455 collatus

272 1504 366 1589 plane
386 1504 490 1567 minor
511 1516 577 1567 erat
597 1504 687 1581 Jove,
711 1516 743 1568 et
761 1520 847 1569 nunc
860 1506 965 1569 minor
978 1524 1111 1589 corpore
1124 1501 1310 1567 intermedio
1325 1502 1462 1577 Saturni,
1477 1522 1566 1563 nunc

232 1628 237 1635 ·
270 1610 331 1694 ipsi
344 1610 473 1695 aequalii
490 1611 700 1695 judicabamus
744 1610 846 1677 Porri)
868 1610 941 1676 crim
961 1612 1113 1675 diameter
1127 1610 1267 1694 capillitii
1281 1621 1472 1673 cometarum
1491 1608 1565 1673 rard

269 1725 397 1802 superet
419 1718 459 1780 8'.
481 1716 533 1781 rel
557 1720 617 1794 la',
641 1716 792 1785 diameter
812 1717 888 1784 reri)
907 1718 1021 1794 nuclei,
1044 1738 1099 1783 seu
1120 1716 1219 1781 stellae
1241 1716 1385 1781 oeuualis
1413 1716 1454 1780 sit
1476 1717 1565 1801 quasi

268 1827 392 1891 decima
410 1828 459 1891 vel
480 1827 560 1892 forta
581 1828 703 1893 decima
715 1830 825 1915 quinta
837 1850 913 1913 pars
926 1827 1071 1891 diametri
1084 1826 1236 1910 capillitii,
1250 1836 1337 1909 patet
1349 1824 1456 1889 stellas
1469 1824 1565 1888 hasce
1683 1902 1688 1913 ,

270 1946 306 1997 ut
320 1933 492 2019 plurimdm
513 1935 653 2020 ejusdem
667 1958 734 2001 esse
749 1934 927 2019 apparentis
942 1932 1165 2020 magnimdinis
1186 1954 1259 1995 cum
1279 1931 1422 2015 planetis.
1467 1930 1565 1997 Unde

271 2040 344 2107 crim
365 2043 420 2107 lux
442 2064 551 2107 aarum
573 2066 646 2109 cum
666 2046 737 2109 luce
761 2044 889 2109 Saturni
909 2065 975 2107 non
990 2042 1063 2105 rsrb
1077 2041 1211 2105 conferri
1231 2042 1341 2125 possit,
1363 2062 1496 2125 eamque
1509 2041 1566 2104 ali·

270 2151 400 2237 quando
423 2164 559 2235 superet,
582 2152 782 2217 manifestum
807 2165 863 2227 est,
886 2152 970 2238 quod
994 2165 1125 2216 cometae
1144 2173 1253 2215 omnes
1277 2152 1311 2213 in
1336 2151 1495 2235 periheliis
1514 2151 1566 2215 vel

271 2260 352 2323 iniria
368 2262 538 2325 Saturnum
553 2260 729 2325 collocandi
750 2262 821 2337 sint,
844 2262 894 2323 vel
914 2283 980 2324 non
1000 2260 1094 2347 longi
1109 2261 1213 2345 suprd.
1259 2260 1376 2324 Errant
1389 2260 1486 2347 igitur
1499 2271 1566 2324 toto

259 2366 363 2444 colo,
380 2367 434 2451 qui
449 2380 585 2431 cometes
599 2368 633 2429 in
647 2368 808 2454 regionem
821 2367 958 2431 fixarum
971 2388 1072 2451 prope
1085 2366 1249 2453 ablegantz
1271 2365 1333 2451 qui
1345 2379 1431 2431 certe
1445 2367 1567 2432 ratione

271 2496 337 2538 non
356 2474 456 2560 magis
477 2474 625 2539 illustrari
637 2474 790 2541 deberent
802 2499 823 2541 a
839 2476 912 2541 Sole
926 2488 1044 2555 nostro,
1066 2473 1162 2561 quim
1175 2475 1319 2558 planetae,
1338 2476 1396 2563 qui
1414 2476 1467 2540 hic
1480 2488 1566 2554 sunt,

273 2586 470 2651 illustrantur
483 2610 502 2651 a
516 2586 612 2651 stellis
623 2586 706 2650 fixis.

320 2697 404 2761 Haec
425 2696 651 2781 disputavimus
676 2718 741 2759 non
765 2695 995 2761 considerando
1017 2694 1266 2759 obscurationem
1291 2704 1484 2757 cometarum
1508 2715 1568 2777 per

273 2788 396 2868 fumum
418 2802 506 2867 illum
520 2802 657 2867 maxime
673 2804 835 2888 copiosum
850 2816 883 2868 et
896 2824 1045 2879 crassum,
1060 2824 1125 2892 quo
1139 2814 1234 2886 caput
1247 2800 1456 2877 circundatur,
1478 2802 1569 2886 quasi

274 2930 334 2993 per
347 2909 465 2972 nubem
478 2909 589 2973 obtusi
604 2932 727 2994 semper
741 2911 857 2975 lucens.
896 2910 980 2974 Nam
991 2921 1108 2994 quanto
1121 2909 1284 2974 obscurius
1297 2908 1438 2972 redditur
1452 2930 1570 2992 corpus

271 3039 333 3102 per
352 3017 437 3082 hunc
458 3017 589 3096 fumum,
610 3019 700 3084 tantb
720 3021 852 3105 propius
872 3019 914 3084 ad
936 3019 1043 3084 Solem
1063 3018 1190 3082 accedat
1208 3040 1334 3082 necesse
1348 3029 1405 3094 est,
1427 3028 1463 3080 ut
1476 3017 1570 3101 copia

275 3125 353 3190 lucis
374 3148 394 3189 a
415 3149 448 3190 se
470 3127 595 3190 reflexae
615 3127 757 3212 planetas
780 3125 955 3190 aemuetur.
998 3124 1079 3190 Inde
1093 3124 1258 3190 verisimile
1272 3124 1310 3188 fit
1323 3134 1459 3188 cometas
1474 3123 1569 3210 longe

274 3237 355 3302 infra
376 3239 532 3322 sphaeram
557 3239 684 3304 Saturni
698 3237 897 3313 descendere,
919 3235 965 3300 uti
985 3258 1026 3300 ex
1046 3235 1199 3320 parallaxi
1222 3234 1430 3319 probavimus.
1479 3232 1570 3296 Idem

276 3349 351 3413 verb
377 3371 471 3436 quam
493 3349 629 3416 maxirnd
654 3349 857 3419 confirmatur
881 3369 923 3413 cx
948 3346 1065 3411 caudis.
1111 3343 1149 3429 (f)
1174 3345 1240 3408 Hae
1262 3345 1312 3408 vel
1336 3366 1377 3406 ex
1398 3343 1569 3406 reflexione

276 3457 354 3520 fumi
376 3459 475 3541 sparsi
496 3481 554 3542 per
575 3459 702 3537 aethers,
722 3459 773 3524 vel
788 3481 828 3522 ex
847 3457 917 3521 luce
931 3455 1040 3540 capitis
1055 3453 1207 3518 oriuntur.
1253 3453 1362 3559 Priore
1378 3475 1451 3518 casu
1465 3453 1569 3515 minu·

277 3567 359 3630 enda
373 3579 419 3630 est
434 3567 580 3631 distantia
595 3582 798 3647 cometarum,
821 3591 863 3634 ne
882 3567 986 3631 firmus
1002 3590 1022 3630 a
1035 3565 1135 3648 capite
1150 3586 1274 3648 semper
1286 3577 1373 3627 ortus
1396 3585 1454 3647 per
1469 3565 1583 3646 spatia.
1686 3619 1687 3627 ,

276 3677 367 3740 nimis
392 3675 496 3761 ampla
518 3677 693 3774 incredibili
718 3701 790 3744 cum
816 3659 979 3746 iclocitate
1004 3691 1036 3744 et
1064 3679 1255 3763 expansione
1279 3689 1482 3760 propagetur.
1529 3673 1567 3736 ln

275 3783 449 3868 posteriore
464 3783 629 3850 referenda
643 3799 690 3849 est
704 3787 759 3850 lux
774 3789 875 3851 omnis
888 3799 953 3851 tam
968 3785 1078 3850 caudae
1095 3783 1190 3872 quim
1202 3782 1344 3868 capillitii
1366 3781 1406 3845 ad
1419 3780 1569 3844 nucleum

275 3892 394 3976 capitis.
441 3891 543 3978 Igitur
562 3893 589 3956 si
611 3894 822 3979 concipiamus
843 3894 946 3957 lucem
966 3893 1049 3960 hanc
1067 3915 1194 3956 omnem
1220 3889 1404 3976 congregari
1423 3895 1460 3949 'et
1484 3888 1568 3950 iutra
1672 3884 1677 3894 '

276 4000 396 4066 discum
419 3999 522 4064 nuclei
545 4004 706 4082 coarctari,
733 4003 862 4068 nucleus
887 4002 940 4066 ille
959 4004 1026 4088 jam
1048 4016 1142 4080 certe,
1166 3997 1441 4088 quotiescaudam
1466 3999 1568 4060 maxi-

275 4131 358 4172 mam
380 4121 412 4174 et
433 4107 689 4198 fulgentissimam
710 4112 832 4190 emittit,
850 4113 890 4198 (⁸)
911 4114 1025 4178 Jovem
1046 4114 1148 4197 ipsum
1169 4109 1343 4200 splendore
1355 4129 1413 4171 suo
1431 4105 1567 4170 multdm

308 4273 343 4336 (f)
361 4279 374 4306 '
396 4278 444 4326 Hoe
462 4280 497 4326 vel
514 4293 541 4326 ec
558 4279 679 4342 retextum
688 4279 760 4342 fumi
778 4281 860 4340 morsi,
877 4286 906 4328 ut
937 4275 1101 4334 namstedius,
1119 4275 1216 4324 cedebat
1230 4275 1293 4333 lovi,
1311 4274 1416 4336 adedque
1429 4272 1479 4320 Soli
1493 4270 1568 4336 longi

275 4337 356 4398 9⁰⁵²&
365 4341 507 4398 probabitur.
937 4342 1040 4399 vicinior,
1053 4342 1110 4404 quin
1121 4339 1168 4386 imo
1179 4341 1256 4386 minor
1272 4351 1320 4386 erat
1337 4335 1465 4386 Mercurio.
1502 4337 1568 4384 Nam
1646 4356 1672 4384 ·.

309 4399 344 4464 (⁸)
357 4406 370 4432 *
384 4405 464 4452 Jovem
479 4407 555 4465 psum
571 4407 689 4466 splendore
703 4423 754 4454 sao.
790 4405 820 4452 Id
837 4404 906 4452 variis
937 4404 976 4452 dia
993 4412 1029 4454 17.
1047 4404 1134 4450 mensis
1149 4405 1228 4466 hujus,
1245 4405 1286 4450 ubi
1306 4403 1385 4450 Terrae
1401 4401 1495 4462 propior
1510 4411 1566 4455 erat,

275 4465 473 4512 observationibus
489 4468 611 4516 confirmat
628 4471 758 4516 Newtauus
779 4469 905 4528 1111011111-
938 4469 1045 4528 apparuit
1058 4468 1154 4515 cassino
1165 4483 1205 4527 per
1216 4467 1366 4526 telescopium
1377 4465 1431 4525 ped·
1440 4471 1480 4512 55.
1494 4462 1568 4525 pauid
1604 4462 1611 4479 '

276 4528 331 4574 culo
342 4527 371 4574 de
384 4529 470 4576 Mundi
484 4531 619 4590 systemate.
657 4531 754 4580 Cometa
764 4534 819 4580 anni
834 4537 902 4582 1679.
936 4532 1013 4577 nrinor
1031 4530 1102 4592 globo
1122 4531 1223 4577 Saturni.
1277 4531 1325 4577 Die
1344 4535 1366 4575 8·
1380 4528 1467 4586 m⁰¹¹³i⁵
1485 4530 1564 4591 hujus·

279 4591 415 4640 Decembris
436 4597 472 4638 la.
491 4603 514 4640 et
533 4600 569 4642 15.
582 4597 635 4643 stilo
649 4597 725 4650 veteri,
742 4612 789 4658 quo
802 4607 907 4656 tempore
939 4604 1042 4654 tempore
1057 4596 1181 4652 matutino,
1196 4594 1253 4641 sidit
1270 4593 1380 4656 Halleius
1395 4592 1494 4639 caudam
1514 4607 1567 4652 per-

277 4655 376 4704 caudam
387 4654 536 4702 clarissimam
548 4659 667 4707 emittebat
678 4671 702 4706 et
712 4660 760 4708 luci
775 4660 906 4706 multorum
939 4660 1031 4705 brevem
1038 4657 1147 4720 etjlatam,
1157 4658 1251 4719 etquasi
1259 4672 1286 4702 ex
1296 4672 1390 4716 corpore
1400 4655 1460 4702 Solis
1466 4657 1567 4718 jamjam

276 4719 294 4770 J
295 4721 373 4766 ovium
390 4734 431 4778 per
446 4728 537 4780 tantum
553 4723 654 4779 spatium
664 4722 756 4776 diffusa·
767 4739 794 4770 ac
804 4723 906 4770 dilatata
938 4721 1019 4768 orituri
1035 4731 1167 4778 exeuntem,
1184 4722 1214 4767 ad
1230 4721 1301 4766 instar
1311 4720 1381 4767 nubis
1396 4719 1490 4765 insolito
1500 4733 1567 4764 more

276 4799 324 4831 uon
336 4784 454 4844 imparem,
464 4783 625 4846 magnitudine
635 4785 720 4844 nuclei,
738 4789 906 4834 utobservabat
937 4783 1057 4848 fulgentis,
1074 4801 1118 4832 nec
1132 4785 1200 4846 priirs
1209 4783 1364 4845 disparentem
1374 4785 1445 4848 quim
1458 4783 1500 4830 Sol
1515 4783 1566 4845 ipse
