3392 5675
510 856 1037 958 rnrnounorlo

749 1120 800 1170 AD

230 1340 418 1421 uuum
451 1288 781 1422 rnnonruiu
814 1340 1316 1425 mawroumnnu.

663 1654 882 1678 mumw

131 1878 241 1974 Turn
256 1910 374 1973 suntin
389 1907 489 1971 Lunae
505 1906 643 1971 Thmui
653 1908 829 1991 spectanda,
846 1909 879 1970 in
894 1908 1006 1993 quibus
1021 1920 1160 1972 versatur
1174 1912 1275 1973 omnis
1289 1912 1421 1996 quaestio

131 2016 338 2079 astronomica
351 2038 421 2101 qnae
444 2014 483 2078 de
504 2012 570 2097 ipsit
592 2014 711 2081 institui
724 2026 826 2097 potest
835 2038 843 2089 ;
866 2013 1013 2097 primum,
1030 2016 1096 2098 ejus
1109 2028 1213 2081 motus
1229 2015 1381 2101 quitcnus
1403 2039 1421 2078 e

133 2122 234 2185 Terris
251 2124 450 2197 observatur3
474 2120 620 2196 secundo,
643 2120 745 2206 figura
759 2120 877 2187 lunaris
892 2121 1002 2186 orbitae
1024 2144 1043 2185 a
1064 2121 1182 2189 circulo
1195 2119 1266 2205 plius
1281 2121 1422 2185 minusve

131 2228 282 2291 recedens
297 2237 329 2291 et
343 2226 487 2311 apsidum
501 2228 566 2311 ejus
582 2227 696 2310 positio
704 2249 713 2301 ;
736 2231 779 2291 ac*
793 2225 895 2304 tertii),
912 2228 978 2311 ejus
993 2226 1104 2293 orbitae
1126 2226 1166 2291 ad
1188 2206 1363 2311 eclipticam
1375 2228 1422 2290 iu-

132 2338 270 2402 clinati0.

75 2421 84 2431 ο
177 2445 211 2508 Si
226 2441 314 2506 extri
332 2443 412 2506 Solis
428 2442 580 2504 actionem
596 2440 688 2504 Luna
702 2453 805 2505 motus
821 2464 893 2504 suos
909 2452 1024 2528 ageret,
1049 2441 1142 2505 Luna
1156 2442 1289 2525 ellipsim
1313 2466 1422 2529 quam-

130 2552 207 2615 libet
220 2553 302 2615 circa
313 2550 446 2613 Terram
459 2549 633 2612 describere
643 2562 750 2633 posset
764 2551 796 2613 in
807 2550 903 2633 pleno
915 2552 1034 2633 quovis,
1051 2563 1082 2617 et
1097 2574 1135 2615 ea
1144 2551 1261 2635 ellipsis
1270 2551 1423 2638 perpetui)

130 2659 396 2722 eadem'manerct
406 2667 661 2739 constantemque
672 2656 821 2740 angulum
837 2679 909 2721 cum
919 2657 1059 2740 eclipticri
1071 2658 1223 2733 efficeret3
1239 2659 1343 2742 itaque
1358 2671 1424 2723 tota

48 2764 49 2767 ’
131 2764 252 2827 theoria
268 2763 370 2827 Lunae
386 2762 468 2823 circa
482 2760 551 2822 haec
565 2773 741 2825 versaretur
756 2761 918 2836 clementa,
942 2760 1054 2844 primo,
1078 2773 1114 2824 ut
1127 2783 1168 2824 ex
1182 2775 1322 2846 tempore
1337 2763 1424 2848 quod

132 2872 225 2935 Luna
238 2881 434 2935 consumeret
449 2882 483 2934 ut
498 2895 516 2934 a
531 2869 665 2954 quddam
676 2871 766 2936 stelle
779 2870 942 2935 discedens
957 2871 998 2935 ed
1012 2870 1154 2936 eamdem
1164 2871 1289 2948 rediret,
1301 2874 1424 2937 obtine·
1511 2867 1516 2876 ¹

132 2991 203 3042 atur
217 2981 342 3042 duratio
358 2982 423 3064 ejus
439 2980 553 3042 mensis
571 2980 722 3063 periodici
739 2979 852 3042 siderei
866 2981 973 3064 sicque
984 2993 1090 3046 motus
1104 2982 1306 3065 ejusmedius
1320 2983 1424 3047 deter-

131 3085 276 3160 minetur,
300 3083 384 3146 unde
405 3082 494 3146 facile
516 3083 706 3147 obtinebitur
728 3085 778 3146 via
800 3107 894 3168 quam
911 3085 1004 3147 Luna
1022 3085 1096 3148 dsto
1111 3099 1252 3170 tempore
1272 3109 1330 3170 per
1351 3109 1424 3154 eum

133 3191 401 3254 motummedium
413 3192 532 3254 emetiri
547 3203 660 3274 potest,
676 3192 719 3255 ita
735 3203 780 3268 ut,
797 3191 872 3255 dati
882 3191 1014 3275 epocha,
1030 3193 1165 3268 bocest,
1183 3193 1257 3256 dato
1266 3193 1338 3257 loco
1353 3194 1424 3256 coeli

131 3302 163 3362 in
185 3323 247 3386 quo
271 3301 363 3363 Luna
385 3300 553 3385 aliquando
574 3301 737 3363 observata
756 3299 874 3376 fuisset,
897 3301 972 3365 inde
993 3321 1088 3384 quem
1107 3299 1141 3363 in
1162 3299 1267 3363 locum
1288 3301 1424 3386 migrare

131 3409 297 3484 debuisset,
314 3408 388 3470 dato
403 3421 552 3490 tempore,
568 3428 625 3489 per
639 3406 733 3470 medii
748 3405 852 3470 motds
866 3405 1019 3476 calculum
1033 3405 1165 3479 inveniri
1178 3417 1292 3491 posset

175 3505 306 3591 Po‘stca3
328 3516 415 3578 locus
431 3515 553 3601 apogaei
569 3515 680 3590 Lunae,
705 3514 789 3599 quod
810 3515 843 3575 in
865 3513 953 3576 coelis
974 3512 1076 3576 eidem
1090 3525 1209 3597 puncto
1230 3535 1353 3596 semper
1375 3535 1424 3576 re·

132 3625 309 3710 sponderet,
324 3624 404 3688 foret
415 3623 629 3708 requirendus,
643 3635 709 3686 tum
720 3622 936 3686 excentricitss
946 3623 1012 3705 ejus
1032 3621 1152 3698 orbitae,
1168 3622 1213 3684 sic
1227 3622 1311 3684 enim
1322 3621 1423 3708 figura

132 3732 276 3820 ellipseos
292 3755 385 3818 quam
402 3733 495 3798 Luna
509 3732 657 3798 describit
679 3732 880 3807 obtineretur,
906 3744 937 3794 et
958 3731 1040 3814 quia,
1064 3731 1148 3800 citra,
1158 3729 1240 3806 Solis
1257 3731 1421 3803 actionem,

134 3841 226 3904 Luna
241 3852 416 3904 moveretur
432 3841 604 3907 secundini
625 3841 727 3926 legem
743 3841 976 3925 Keplerianam,
989 3840 1061 3904 boc
1081 3853 1137 3917 est,
1159 3841 1215 3912 ita,
1226 3854 1262 3904 ut
1281 3853 1423 3923 tempora

134 3947 246 4032 quibus
257 3947 440 4010 durantibus
452 3948 546 4011 Luna
556 3960 742 4024 moveretur,
756 3969 820 4010 non
831 3948 959 4032 quidem
970 3949 1033 4011 sint
1042 3948 1289 4030 proportionalia
1298 3944 1422 4032 angulis

133 4079 151 4118 e
166 4055 267 4120 Terrfi
284 4057 436 4141 spectatis,
460 4058 515 4120 sed
530 4059 609 4120 areis
624 4058 796 4141 descriptis,
820 4058 894 4122 hinc
905 4059 971 4123 ‘fiet
993 4071 1028 4121 ut
1048 4057 1223 4122 differentia
1244 4057 1305 4122 loci
1321 4057 1422 4118 Lunae

132 4175 329 4247 permotum
350 4165 487 4226 medium
509 4164 679 4246 computati
702 4165 742 4227 ab
761 4166 829 4249 ejus
844 4165 921 4228 loco
942 4187 1026 4241 vero,
1051 4165 1228 4233 obtineatur
1249 4185 1290 4228 ex
1311 4163 1422 4226 orbitae

133 4271 250 4336 lunaris
265 4272 366 4356 figure
381 4257 437 4356 per
452 4271 616 4335 methodos
642 4287 740 4351 notae,
767 4296 838 4358 quae
853 4274 1027 4338 differentia
1042 4274 1156 4340 dicitur
1170 4255 1305 4358 aequatio
1320 4273 1422 4340 Luna

134 4380 244 4455 soluta,
261 4377 322 4441 hoc
337 4391 392 4455 est,
408 4382 541 4465 aequatio
557 4405 574 4442 a
593 4382 665 4445 Sole
680 4403 743 4444 non
758 4383 909 4466 pendens,
926 4396 958 4448 et
970 4383 1161 4467 intelligetur
1171 4383 1283 4466 quibus
1298 4382 1331 4443 in
1345 4382 1422 4444 locis

132 4486 186 4549 illa
207 4487 343 4572 aequatio
364 4487 403 4549 sit
424 4488 602 4552 adhibenda
624 4513 662 4553 ex
687 4492 747 4552 situ
769 4493 895 4578 cognito
918 4492 1041 4576 apogtei
1066 4491 1176 4568 Lunae,
1201 4490 1316 4574 pendet
1338 4490 1422 4557 ettirn

134 4589 261 4653 omnini)
276 4613 313 4653 ea
328 4589 503 4658 differentia
517 4615 556 4656 ex
571 4596 631 4683 situ
649 4595 750 4657 Lunae
765 4597 797 4656 in
813 4596 890 4658 orbe
905 4618 962 4658 suo
978 4608 1121 4680 respectu
1134 4597 1257 4683 apogaei
1271 4596 1331 4664 sui.

188 4699 307 4766 Tertio.
362 4701 576 4776 Quaerendum
606 4702 685 4766 soret
714 4705 990 4782 observationibus,
1019 4706 1131 4789 quibus
1160 4705 1194 4767 in
1223 4693 1303 4773 iocis
1329 4703 1423 4774 Luna

751 4810 772 4860 A
787 4816 802 4856 2
