3392 5675
129 492 432 577 Linaafl'narsus]
445 493 702 571 ῙΡΒΙΝΟΙΡΙΑ
727 494 1101 565 ΜΔΤΗΕΜΑΤΙΟΛ.
1355 508 1418 571 177

128 680 244 753 posset,
266 669 484 757 porrigebatur
505 668 546 733 ad
567 670 702 757 gradum
722 690 821 757 usque
842 670 1063 735 duodecimum
1082 672 1132 737 vel
1152 671 1360 759 pauld‘ultris
1383 683 1419 737 ut

130 800 225 863 supra
246 778 364 863 dictum
385 791 443 843 est.
487 779 598 844 Sedet
620 779 696 843 Feb.
713 788 733 844 9
748 792 780 843 et
796 788 836 844 10
851 780 907 844 ubi
921 793 1016 866 eaput
1029 782 1122 846 nudis
1137 782 1236 846 oculis
1250 782 1348 845 videri
1362 782 1417 845 de·

129 887 233 963 eierat,
257 888 388 952 caudam
407 887 525 975 gradm
544 887 624 951 duos
644 887 771 975 longam
790 908 848 971 per
868 887 1071 973 telescopium
1092 890 1317 973 contemplatus
1337 911 1416 953 sum.

131 996 233 1103 l’orrb
248 997 275 1060 si
289 998 389 1062 cauda
403 999 536 1063 oriretur
550 1020 591 1063 ex
600 998 786 1063 refractione
796 999 935 1065 materioe
945 1000 1088 1079 coelestis,
1100 1012 1132 1065 et
1139 1023 1200 1084 pro
1209 1000 1311 1088 liguria
1322 1003 1419 1065 coelo:

130 1125 202 1175 rum
215 1104 432 1169 deflecteretur
445 1105 486 1169 de
503 1105 584 1169 Solis
600 1105 805 1189 oppositione,
821 1105 951 1169 deberet
961 1105 1095 1171 deflexio
1109 1108 1163 1171 illa
1175 1108 1209 1171 in
1224 1108 1334 1173 iisdem
1347 1108 1416 1172 coeli

118 1198 310 1299 'regiombus
334 1213 368 1276 in
394 1213 525 1277 eandem
550 1232 673 1296 semper
692 1224 814 1297 partem
835 1212 918 1277 fieri.-
960 1213 1060 1300 Atqui
1081 1228 1202 1279 cometa
1224 1216 1299 1279 asuri
1323 1224 1417 1281 1680.

130 1325 298 1389 Decembr.
314 1332 366 1389 28.
383 1324 462 1389 hora
483 1328 523 1405 83
538 1346 571 1409 p.
586 1346 629 1389 m.
645 1324 793 1401 Londini
808 1325 991 1389 versabatur
1007 1327 1043 1389 in
1062 1336 1089 1390 t<
1108 1336 1162 1393 8⁸¹.
1178 1330 1239 1392 41‘.
1254 1350 1327 1393 curn
1347 1329 1417 1393 lati·

130 1434 238 1497 tudine
262 1434 381 1497 boreali
403 1440 477 1498 189.
494 1436 533 1499 6'.
557 1433 630 1497 Sole
646 1433 797 1497 existente
821 1434 856 1496 in
876 1438 1002 1498 *518⁸ss
1022 1436 1084 1500 26‘.
1130 1434 1175 1500 Et
1198 1454 1321 1501 cometa
1343 1438 1418 1500 anni

134 1546 227 1607 1577.
242 1540 322 1605 Dec.
338 1534 390 1605 ao'.
412 1539 592 1605 versabatur
612 1540 648 1601 in-
664 1549 691 1602 κ
710 1547 764 1603 δι’.
780 1542 843 1603 ar.
861 1562 934 1604 cum
954 1540 1118 1605 latitudine
1131 1542 1250 1606 boreali
1264 1550 1340 1607 aaa.
1356 1546 1418 1608 aot

134 1646 211 1711 Sole
225 1647 319 1711 etiam
333 1646 484 1709 existente
498 1646 532 1709 in
544 1652 579 1711 li
598 1654 670 1711 18⁸¹.
687 1648 750 1711 26‘.
765 1646 897 1711 circiter.
935 1647 1080 1733 Utroque
1096 1649 1131 1711 in
1145 1670 1220 1713 casu
1235 1650 1337 1715 Terra
1349 1673 1419 1715 ver·

130 1757 256 1821 sabatur
280 1757 314 1819 in
337 1757 448 1820 eodem
470 1756 550 1833 loco,
576 1770 616 1845 et
633 1768 754 1819 cometa
778 1756 949 1840 apparebat
972 1757 1006 1819 in
1029 1756 1139 1821 eadem
1160 1758 1231 1821 coeli
1250 1772 1363 1845 parte:
1385 1760 1420 1824 in

130 1867 228 1953 priori
242 1878 346 1931 tamen
361 1888 434 1929 casu
449 1866 549 1929 cauda
563 1876 692 1928 cometae
708 1869 763 1949 (ex
777 1864 855 1927 meis
869 1878 902 1927 et
914 1864 1049 1929 aliorum
1067 1866 1349 1947 observationibus)
1364 1868 1419 1932 de-

82 1963 84 1965 ·
132 1978 266 2043 elinabm
286 1977 402 2073 angulo
422 1976 577 2064 graduum
598 1981 640 2057 t}
663 1976 704 2039 ab
725 1976 922 2059 oppositione
945 1976 1027 2040 Solis
1043 1976 1220 2061 aquilonem
1232 1998 1341 2041 versus
1352 1999 1364 2055 ς
1385 1978 1421 2042 in

131 2087 302 2171 posteriore
315 2085 391 2149 verb
405 2090 458 2170 (ex
473 2082 740 2149 observationibus
755 2082 930 2167 Tyehonis)
945 2082 1112 2147 declinatio
1124 2094 1193 2147 erat
1205 2083 1361 2170 graduum
1375 2092 1413 2148 tt

132 2196 165 2257 in
185 2207 334 2259 austrum.
380 2193 481 2281 Igittu
501 2192 662 2277 repudiati
684 2191 835 2256 coelorum
857 2190 1051 2269 refractione,
1075 2205 1217 2276 superest
1233 2205 1269 2258 ut
1288 2194 1420 2279 phaeno-

132 2324 223 2367 mena
237 2302 408 2366 caudarum
422 2322 464 2367 ex
477 2300 605 2365 materiai
621 2300 725 2385 aliqui
740 2300 842 2363 lucem
857 2300 1035 2365 reflectente
1049 2301 1237 2366 deriventur.

101 2434 109 2445 ·
175 2409 300 2485 Caudas
322 2420 427 2473 autem
441 2431 461 2471 a
474 2407 628 2493 capitibus
642 2407 718 2470 oriri
733 2408 812 2471 etin
827 2407 971 2493 regiones
990 2429 1010 2470 a
1030 2408 1105 2472 Sole
1118 2430 1241 2473 aversas
1255 2407 1422 2475 ascendere

133 2519 338 2583 confirmatur
364 2519 402 2603 (⁸)
428 2518 613 2605 exlegibus
635 2540 711 2603 quas
732 2517 908 2582 observant.
954 2518 1002 2583 Ut
1022 2520 1107 2604 quod
1125 2521 1158 2583 in
1177 2520 1279 2605 planis
1298 2522 1423 2586 orbium

133 2641 325 2693 cometarum
339 2650 396 2713 per
413 2629 518 2693 Solem
532 2628 762 2693 transeuntibus
773 2629 922 2713 jacentes,
934 2627 1060 2692 deviant
1073 2630 1113 2693 ab
1128 2632 1324 2715 oppositione
1340 2632 1422 2697 Solis

133 2740 166 2801 in
181 2760 233 2803 eas
248 2759 371 2823 semper
384 2748 498 2821 partes,
511 2759 588 2823 quas
602 2736 704 2821 capita
717 2736 751 2799 in
765 2737 893 2800 orbibus
906 2736 967 2800 illia
986 2737 1218 2829 progredientia
1230 2739 1421 2825 relinquunt.

136 2845 233 2923 Quod
259 2845 424 2932 spectatori
449 2845 487 2910 iu¹
507 2844 556 2908 his
581 2844 682 2928 planis
705 2843 875 2908 constituto
900 2846 1107 2940 apparent-in
1135 2845 1276 2929 partibus
1301 2869 1320 2910 a
1348 2845 1422 2911 Sole
1444 2904 1447 2911 ,

133 3003 138 3012 ’
152 2990 204 3081 ’(1)
218 3020 270 3065 164.
286 3020 299 3047 ·
312 3018 350 3064 Es
364 3019 449 3078 legibus
459 3031 515 3080 quos
526 3001 650 3064 observant.
687 3014 765 3076 Leges
795 3012 859 3060 enirn
874 3021 965 3062 cometa
976 3013 1063 3064 directe
1078 3031 1093 3062 a
1108 3015 1163 3064 Sole
1177 3016 1215 3064 vel
1228 3016 1260 3064 ad
1276 3018 1358 3066 Solem
1370 3027 1424 3066 ten·

135 3079 183 3126 ille
193 3093 251 3141 quas
261 3077 381 3128 obsemam
391 3089 533 3127 cometarum
544 3078 625 3126 caudae
636 3093 691 3126 cum
704 3093 764 3138 prae-
795 3077 868 3132 deret,
880 3077 954 3125 cauda
964 3093 1057 3141 quoque
1066 3079 1127 3127 foret
1140 3089 1203 3128 resta
1213 3089 1237 3127 et
1246 3096 1261 3127 a
1273 3083 1327 3129 Sole
1337 3080 1424 3130 directi

22 3124 25 3140 ¹
87 3189 91 3194 ,
134 3143 198 3191 diest
222 3145 332 3192 Newtoni
354 3141 470 3190 sententia
494 3143 598 3204 apprime
621 3152 763 3204 congruunt.
795 3156 883 3189 aversa.
919 3142 986 3189 Hinc
1005 3151 1069 3203 patet
1084 3143 1111 3188 in
1131 3143 1183 3202 ipso
1198 3154 1296 3192 murata
1311 3145 1424 3205 peribelio

137 3205 219 3254 Cruda
230 3223 243 3254 a
255 3215 351 3256 cometae
362 3207 436 3268 capite
450 3207 542 3268 vaporis
557 3207 630 3253 instar
644 3205 670 3252 in
680 3206 762 3261 altum,
794 3205 922 3252 maximam
932 3221 981 3252 ease
990 3206 1071 3253 caudas
1085 3205 1239 3254 deviationem
1250 3208 1422 3271 maximamque

135 3270 160 3318 id
170 3281 212 3328 eat,
223 3271 249 3318 in
259 3281 337 3331 partes
345 3287 359 3318 a
368 3271 421 3320 Sole
428 3286 516 3318 aversas
524 3285 647 3332 assurgens
657 3268 682 3314 in
694 3269 764 3329 plano
795 3279 957 3327 conanimms
968 3278 1026 3317 tunc
1036 3269 1099 3316 enim
1109 3279 1173 3318 reeta
1183 3271 1262 3318 aotam
1272 3283 1297 3318 et
1306 3283 1423 3320 oometam

135 3336 197 3382 orbis
207 3344 304 3383 cometae
315 3351 356 3395 per
366 3336 443 3382 Solem
454 3343 588 3382 transeunte
595 3334 672 3396 jacere
681 3332 763 3390 debets
795 3331 1335 3396 conjungensadorbemoometaenormaliaest.
1357 3337 1424 3385 Pra-

135 3395 763 3460 inoethereenimquietonullsettratiocuradlrano
793 3395 856 3442 tered
876 3399 908 3444 ob
928 3396 1063 3457 predium
1089 3396 1144 3444 lieet
1163 3396 1292 3447 &modurn
1312 3400 1423 3462 exiguam

136 3462 214 3524 potius
227 3461 298 3525 quim
314 3463 345 3510 ad
362 3463 428 3510 illam
443 3471 533 3524 partem
549 3461 662 3508 deflectat.
699 3460 763 3515 Quia
794 3459 887 3506 aetheris
906 3460 1068 3520 resistentiam,
1088 3475 1192 3508 convers
1212 3461 1294 3510 caude
1309 3463 1380 3510 tacte
1397 3464 1424 3512 in

136 3533 214 3574 atatem
230 3541 301 3601 sapor
315 3528 421 3602 sospite·
430 3527 509 3601 exiens
524 3525 584 3572 duos
598 3535 677 3600 motas
692 3523 764 3571 simul
794 3524 904 3572 ethaam
918 3522 1039 3598 ipcurrens
1049 3523 1142 3598 depsior
1151 3534 1194 3582 est,
1210 3540 1237 3572 ac
1250 3526 1349 3604 proiqde
1364 3527 1423 3602 luci·

136 3587 764 3718 titttd‘ssmdlbffibzttltlla
793 3587 1425 3716 ll¹ffim⁰¹fflttt⁸lttssffi

137 3731 185 3764 non
200 3718 287 3766 directe
301 3734 317 3765 a
329 3717 383 3766 Sole
398 3733 476 3782 aversa
483 3717 521 3774 sit,
536 3715 577 3764 sed
592 3716 763 3778 aliquantulum
795 3729 866 3761 mena
880 3715 966 3776 quibus
981 3715 1092 3762 tabefacit
1108 3716 1218 3763 Newtoni
1234 3716 1320 3775 opinio.
1357 3718 1424 3765 Hinc

137 3779 193 3828 inde
208 3781 283 3830 deviet
299 3782 325 3828 in
340 3797 379 3830 eas
393 3791 470 3841 partes
480 3796 537 3844 quas
547 3789 644 3828 cometa
654 3789 724 3839 caput
739 3779 764 3825 in
795 3779 883 3826 modas
903 3793 918 3826 a
936 3779 1050 3839 capitibus
1067 3780 1123 3826 oriri
1139 3789 1164 3826 et
1179 3779 1204 3826 in
1217 3779 1325 3841 regiones
1339 3796 1355 3828 a
1369 3780 1425 3830 Sole

137 3847 193 3894 orbe
208 3860 251 3893 suo
261 3845 411 3909 progrediens
420 3844 545 3907 relinquit;
557 3843 577 3890 si
588 3853 665 3892 tamen
676 3853 764 3904 specta-
796 3857 886 3889 aversas
902 3844 1026 3890 moendera
1043 3842 1193 3890 ontimana
1209 3857 1238 3889 ex
1259 3842 1351 3907 legibus
1366 3860 1426 3908 quas

137 3917 175 3956 tor
184 3909 209 3955 in
220 3911 283 3958 orbis
292 3909 399 3958 oometici
409 3909 479 3969 plano
489 3923 531 3968 per
543 3907 621 3956 Solem
631 3917 765 3954 transeunte
796 3908 925 3954 observant.
1031 3947 1035 3952 .
1301 3959 1305 3966 ¹

138 3973 298 4032 constituatur,
310 3971 410 4022 deviatio
419 3971 501 4020 cauda
511 3970 647 4032 neutiquam
658 3971 765 4026 sentitur,
831 3974 884 4017 165.
913 3967 1042 4030 Descriptio
1062 3969 1210 4030 opinionibus
1230 3969 1261 4018 de
1281 3985 1426 4021 cometarum

138 4036 252 4098 quietata
261 4037 287 4086 itt
297 4037 369 4097 plano
379 4036 498 4098 istojaoet.
533 4034 601 4082 Licet
611 4049 682 4095 vapor
689 4049 765 4082 assur·
797 4033 879 4082 caudis
895 4033 1047 4096 adjungmda
1061 4043 1097 4080 est
1111 4034 1233 4096 illaquam
1248 4035 1333 4082 clariss.
1348 4037 1382 4084 D.
1395 4038 1427 4084 de

137 4115 197 4162 gens
214 4110 304 4156 mottun
324 4101 405 4160 capitia
422 4099 549 4160 participet,
572 4107 651 4145 umen
671 4107 765 4159 propter
798 4097 893 4144 Moiran
908 4098 933 4142 in
949 4097 1036 4144 eximio
1049 4097 1167 4158 Operede
1180 4097 1274 4146 Aurort
1286 4100 1427 4148 Borealihis

138 4163 263 4244 aliqualetn
279 4165 371 4212 retheris
386 4162 548 4220 resistentiam
566 4162 645 4208 minus
659 4161 768 4236 reloeiper
799 4171 879 4234 metus
889 4159 1006 4208 redonum
1016 4162 1148 4235 momentis.
1170 4164 1295 4236 'Cometas
1304 4164 1335 4212 ad
1348 4164 1427 4211 Solem

138 4225 769 4352 stabilitabit.tztfft‘sffqltttlltss
799 4223 1427 4359 {mmmmm

138 4363 175 4402 est
194 4355 269 4404 cauda
289 4355 318 4404 ed
338 4356 451 4419 majorem
471 4354 588 4415 experitur
606 4352 766 4410 rmmnaam,
799 4366 872 4400 neum
892 4352 984 4400 videtur
1003 4362 1032 4399 ut
1051 4352 1154 4414 ὰηιιιιιιι
1171 4352 1252 4400 solaria
1268 4357 1428 4416 annosphaern

138 4416 240 4482 idedque
259 4420 392 4479 precedens
410 4418 491 4466 cauda
511 4418 579 4472 latus,
599 4417 664 4480 quod
682 4415 769 4464 scilicet
799 4417 920 4463 materiam
935 4425 1027 4463 cometa
1041 4417 1146 4463 attrabat.
1183 4419 1233 4464 Cur
1243 4427 1321 4466 autem
1332 4421 1430 4468 materia

60 4497 63 4502 ¹
138 4483 260 4544 proximus
276 4491 311 4530 est
330 4483 434 4544 partibus
454 4481 485 4530 ad
501 4497 560 4544 quas
577 4481 652 4528 tendit
669 4491 766 4535 cometa,
799 4481 851 4526 brec
864 4481 935 4527 instar
951 4495 1026 4527 comae
1044 4488 1114 4527 vento
1129 4479 1222 4545 agitata
1243 4481 1387 4546 dispergatur
1405 4493 1429 4530 et

139 4561 270 4595 munerum
280 4547 331 4602 erit,
348 4561 446 4608 sequens
456 4543 510 4594 verb
520 4559 655 4600 wnoavum,
672 4559 700 4592 ac
714 4559 768 4604 pro-
801 4543 831 4590 ad
845 4543 905 4590 Solis
919 4543 1052 4604 oppositum
1063 4542 1185 4605 dirigatur,
1201 4559 1229 4592 ex
1240 4546 1358 4594 radiorum
1369 4547 1428 4594 sola·
1524 4552 1527 4557 '
1598 4544 1607 4562 ’“

139 4610 195 4658 inde
210 4607 286 4656 cauda
301 4624 349 4658 non
359 4625 375 4657 a
392 4610 446 4656 Sole
456 4609 570 4656 duntaxat
581 4623 659 4656 aversa
669 4616 711 4663 est,
728 4607 770 4654 aed
800 4607 864 4654 tium
879 4602 1021 4667 impuln'olre
1038 4607 1093 4654 oriri
1109 4615 1198 4668 potraa'
1236 4609 1348 4657 Plurimis
1366 4612 1429 4657 anim

139 4674 210 4726 &aar
225 4673 367 4722 incurratur.
402 4673 490 4720 Haeo
507 4672 770 4721 soledeviatioetcur-
802 4671 1065 4730 experimentisoertum
1073 4672 1430 4732 estaolaresradiosomnipror-

140 4735 342 4785 saturaedminor
350 4735 440 4799 estqud
450 4745 512 4784 reeta
521 4735 600 4783 Solem
608 4745 769 4798 cometamque
800 4750 841 4782 sus
857 4734 1004 4795 impulsionis
1019 4735 1043 4781 vi
1058 4749 1107 4782 non
1122 4751 1207 4785 carere.
1243 4737 1335 4786 Clarias.
1350 4737 1429 4784 Ηοιιι-

140 4801 286 4871 conjungens
301 4800 416 4863 obliquior
426 4808 461 4848 est
470 4799 501 4849 ad
511 4807 607 4848 cometa
618 4799 733 4860 orbitam
750 4798 769 4846 sl
800 4799 896 4863 bergina
905 4799 967 4848 raris
975 4798 1080 4850 nnumin
1095 4801 1218 4849 levissima
1228 4801 1346 4850 filamenta
1359 4801 1431 4849 radiis

756 4882 786 4932 M
803 4889 818 4930 4
954 4895 957 4902 ·
