3392 5675
267 476 329 539 114
373 554 377 559 ⁸
582 472 922 541 PHILOSOPHIAE
944 470 1217 539 NATURALIS
1237 469 1446 552 [DaMurtn.
1459 472 1559 540 Srsr.

313 632 412 709 Carni.
430 652 479 709 tu.
494 674 498 683 ·
525 646 564 709 In
579 645 711 731 syzygiis
726 645 829 709 Lunae
851 646 892 728 (Ρ)
913 642 1080 727 parallaxia
1093 642 1160 726 ejas
1173 640 1375 706 horizontalis
1388 642 1560 706 mediocris

255 748 301 851 'in
314 738 529 816 latitudinibus
544 750 698 835 mnu
714 759 745 825 o,
762 758 815 826 ao,
832 758 884 825 aa,
900 747 1022 825 sassa,
1038 756 1091 825 co,
1108 756 1161 823 90,
1176 758 1224 814 est
1238 748 1299 815 57'.
1314 748 1387 823 aot,
1403 748 1464 815 57'.
1482 751 1558 826 16¹¹,

268 855 329 923 ὅτι.
348 855 417 931 1411,
433 852 582 931 5721?ss
599 856 659 923 57¹·
678 854 748 929 10'l,
765 855 825 920 57'·
842 855 894 930 8η,
910 854 972 921 57'·
987 854 1038 916 4⁹.
1053 851 1234 936 respectiva·

311 958 351 1026 In
372 957 422 1023 his
443 959 725 1043 computationibus
739 958 956 1023 attractionem
971 958 1178 1043 magneticam
1192 956 1303 1019 Terrae
1323 976 1388 1021 non
1410 958 1558 1021 consida-

265 1065 342 1141 ravi,
369 1066 456 1149 cujus
470 1066 577 1151 utique
592 1063 747 1149 quantitas
762 1086 915 1148 perparva
939 1075 987 1126 est
1011 1074 1043 1126 et
1064 1062 1235 1149 ignorauit.
1281 1062 1316 1126 Si
1337 1062 1464 1147 quando
1478 1064 1558 1127 veria

266 1170 335 1235 hoec
353 1171 497 1236 attractio
517 1169 696 1255 investigari
709 1169 835 1253 poterit,
857 1181 889 1231 et
908 1189 1064 1232 mensurae
1078 1166 1234 1254 graduum
1255 1167 1288 1229 in
1310 1167 1492 1246 meridiano,
1515 1192 1557 1241 ac

266 1276 476 1365 longitudines
500 1273 710 1360 penduiorum
734 1273 973 1339 isochronorum
996 1272 1031 1335 in
1055 1272 1185 1338 diversis
1208 1272 1375 1357 parallelis,
1404 1272 1557 1360 legesque

265 1402 406 1451 motuum
419 1382 524 1459 maris,
547 1394 579 1446 et
598 1380 766 1465 parallaxis
782 1379 884 1444 Lunae
905 1400 977 1443 cum
999 1378 1158 1442 diametris
1178 1378 1405 1461 apparentibus
1417 1378 1498 1442 Solis
1519 1392 1557 1443 et
1621 1455 1627 1469 ⁶

196 1496 199 1503 '
266 1494 368 1557 Lina
381 1514 422 1554 ex
435 1491 650 1575 phaenomenis
665 1488 837 1555 accuratius
852 1489 1067 1568 determinatae
1080 1486 1212 1551 fuerint:
1228 1487 1268 1570 (⁴¹)
1280 1486 1389 1573 licebit=
1398 1487 1556 1551 calculum

264 1600 350 1677 hunc
363 1621 490 1665 omnem
504 1598 677 1665 accuratius
691 1611 840 1684 repetere.

439 1813 723 1885 PROPOSITIO
746 1813 952 1881 XXXVIII.
996 1812 1256 1880 PROBLEMA
1278 1813 1378 1877 xlx.

629 1984 770 2047 Invenire
777 1984 916 2067 figuram
930 1984 1065 2065 corporis
1078 1983 1187 2045 hince.
1274 1967 1276 1972 ,

310 2154 343 2217 Si
368 2174 481 2237 corpus
503 2152 611 2220 lunare
631 2152 763 2217 fluidum
786 2165 868 2217 esset
893 2153 934 2217 ad
959 2153 1056 2217 instar
1069 2153 1165 2216 maria
1178 2152 1288 2231 nostri,
1311 2152 1356 2217 vis
1378 2150 1488 2216 Terrae
1509 2151 1553 2213 ad

264 2260 395 2325 fluidum
409 2262 487 2325 illud
512 2262 545 2324 in
570 2262 711 2345 partibus
735 2273 767 2325 et
790 2260 903 2324 citimis
924 2274 956 2325 et
981 2262 1097 2325 ultimis
1112 2260 1297 2325 elevandum
1320 2273 1403 2325 esset
1424 2261 1465 2323 ad
1487 2260 1554 2322 vim

265 2366 376 2441 Lunae,
402 2366 464 2451 qui
478 2388 564 2430 mare
578 2378 719 2429 nostrum
743 2367 777 2429 in
801 2366 942 2449 partibus
966 2379 999 2431 et
1022 2368 1081 2430 sub
1107 2367 1200 2431 Luni
1224 2380 1257 2430 et
1283 2366 1385 2431 Lunoe
1399 2366 1552 2451 oppositis

264 2470 424 2547 attollitur,
449 2471 486 2555 (¹)
512 2482 547 2535 ut
570 2472 704 2557 gravitas
729 2471 929 2537 acceleratrix
956 2472 1058 2536 Lunae
1083 2472 1116 2535 in
1142 2473 1276 2536 Terram
1302 2461 1344 2537 ad
1368 2474 1553 2559 gravitatem

296 2640 331 2706 (Ρ)
354 2647 405 2689 123.
441 2645 455 2673 ⁸
473 2644 600 2691 Paratianis
612 2640 846 2691 Lunaehoriaontalis
862 2644 888 2692 in
930 2643 961 2691 ad
976 2643 1185 2692 aemi-diametrum
1200 2642 1326 2691 maximam
1346 2643 1370 2691 Τ
1387 2644 1404 2691 S
1421 2663 1456 2689 =
1478 2649 1499 2701 1,
1517 2643 1554 2691 tu

263 2704 358 2753 &ertia
367 2705 529 2753 latitudinibus
544 2722 584 2753 seu
596 2705 710 2753 distantiis
725 2708 755 2753 ab
771 2716 888 2769 aequatura
930 2707 1288 2782 sinmtctrtaadainumanssuli
1300 2708 1323 2755 'l'
1334 2708 1357 2754 L
1369 2707 1394 2764 S,
1405 2708 1549 2769 quiestii'·

264 2769 410 2817 determinari
426 2780 507 2830 potest.
544 2769 671 2817 Paraliaxia
688 2770 765 2817 Luna
780 2772 887 2818 horizon·
930 2772 982 2819 20⁰.
1012 2771 1044 2819 ln
1055 2770 1106 2817 aliia
1117 2772 1194 2817 Luna
1204 2771 1261 2819 locta
1270 2770 1384 2819 minuitur
1394 2770 1552 2831 parallaxiain

263 2832 316 2881 talis
329 2843 366 2880 eat
381 2832 509 2880 differentia
520 2832 624 2881 locorum
638 2833 664 2879 in
679 2832 764 2895 quibus
776 2835 846 2882 Luna
861 2834 887 2882 in
929 2832 1012 2882 eidem
1027 2832 1076 2882 ieri
1090 2835 1179 2881 ratione
1190 2851 1217 2882 ac
1232 2833 1407 2882 aemi-dianetri
1424 2834 1510 2891 Terre,
1526 2844 1553 2882 et

264 2897 381 2944 harimnu
392 2897 473 2956 posita,
492 2911 520 2944 aa
539 2907 618 2944 centro
634 2907 658 2943 et
674 2897 795 2956 superficie
806 2900 887 2946 Terras
928 2899 984 2946 hinc
1001 2897 1116 2959 prodeant
1132 2899 1259 2958 parallarea
1276 2898 1303 2944 in
1321 2897 1482 2946 latitudinibus
1497 2914 1555 2960 gra·

263 2963 381 3006 observata
391 2959 452 3006 inter
470 2959 547 3006 stellas
566 2960 623 3006 tiras
641 2961 786 3020 conspicitur.
823 2961 886 3009 Hac
929 2961 1004 3008 duum
1017 2968 1040 3008 0.
1055 2969 1092 3008 30.
1106 2967 1144 3008 38.
1155 2967 1193 3010 45.
1208 2966 1247 3010 52.
1261 2967 1299 3009 60.
1312 2968 1350 3010 90.
1363 2961 1443 3022 quales
1453 2977 1467 3007 a
1479 2961 1553 3009 Nen-

264 3033 343 3072 autem
353 3023 458 3069 locorum
467 3022 577 3070 distantia
586 3022 682 3083 aqualia
693 3033 727 3070 est
737 3025 826 3086 angulo
841 3027 886 3072 sarh
928 3034 985 3071 tono
994 3025 1184 3072 determinantur.
1442 3033 1452 3055 ·

263 3101 310 3150 quo
319 3084 433 3133 videretur
440 3087 619 3132 aemi-diameter
629 3086 705 3132 Terrae
712 3087 799 3134 exloco
808 3089 886 3134 Luna
960 3087 995 3152 (l)
1008 3093 1021 3119 '
1031 3090 1117 3138 Ltoetu
1125 3092 1312 3138 calculantium
1319 3106 1409 3138 omnem
1419 3088 1552 3140 accurariala

264 3153 387 3198 absencia
423 3149 458 3198 Sit
475 3149 546 3196 Luna
556 3150 580 3194 in
591 3149 707 3196 horizonte
718 3151 844 3198 consituta
859 3152 885 3197 in
927 3161 1031 3212 rqretere.
1056 3151 1163 3198 'i'heoriae
1172 3152 1280 3200 Newtoni
1289 3151 1318 3199 de
1328 3151 1437 3200 Fluxuet
1446 3151 1552 3199 aarum

264 3213 302 3272 L;
324 3216 453 3262 oberrata
471 3214 496 3260 in
513 3213 641 3272 superficiei
660 3213 770 3260 terrestris
789 3216 840 3262 loco
859 3216 883 3270 S,
928 3215 1004 3262 Maria
1014 3215 1161 3276 plnrimahic
1176 3216 1332 3278 potuissemus
1342 3216 1476 3278 adJungere,
1492 3231 1551 3278 quo.

265 3277 427 3324 Lunaminter
437 3277 514 3324 stellas
524 3275 606 3324 referet
617 3275 641 3322 in
652 3279 676 3334 b,
687 3275 728 3324 sed
738 3277 800 3324 idem
807 3281 884 3326 obser·
927 3293 980 3324 rum
995 3295 1040 3340 ope
1055 3279 1156 3325 calculos
1173 3277 1302 3326 accuratida
1319 3289 1421 3339 repetere
1439 3277 1548 3326 licuisset.

264 3352 328 3388 vator
338 3340 363 3386 in
374 3350 453 3387 centro
465 3343 543 3388 Terra
556 3340 578 3387 T
589 3339 678 3400 positus
690 3341 786 3394 Lunam
800 3343 885 3394 referet
929 3340 1019 3390 Verum
1026 3342 1147 3390 materiam
1158 3343 1297 3390 exhauriunt
1307 3341 1483 3416 elegantimimoe
1491 3342 1551 3390 Dia-

264 3402 327 3454 ina·
361 3403 406 3450 Est
420 3403 492 3465 igitur
512 3403 642 3452 differentia
663 3403 767 3451 locorum
789 3406 885 3468 aqualia
927 3406 1061 3453 certationes
1070 3421 1129 3468 quaa
1140 3405 1194 3452 Vol.
1209 3405 1263 3453 111.
1276 3405 1416 3453 addidimus.

263 3466 345 3524 aun,
364 3465 405 3528 qui
423 3477 526 3528 equatur
544 3481 574 3513 an
592 3467 632 3514 ulo
652 3467 669 3514 S
687 3468 709 3514 L
727 3467 757 3524 T,
776 3471 820 3516 sub
837 3484 887 3532 quo
960 3469 994 3534 (‘)
1012 3472 1025 3499 θ
1043 3472 1341 3530 Utgraaitasacceleratria·
1378 3469 1414 3516 Sit
1424 3468 1454 3524 T,
1465 3468 1550 3530 globus

264 3529 443 3578 aemi-diameter
454 3531 534 3577 Terrae
549 3483 628 3576 eicco
639 3530 716 3578 Lance
728 3531 750 3578 L
761 3541 883 3594 spectatur.
930 3533 1009 3582 Tarra
1026 3531 1099 3580 fluido
1117 3533 1172 3581 satia
1187 3533 1303 3594 profundo
1322 3531 1344 3581 Ε
1359 3532 1390 3590 Α,
1407 3541 1548 3592 εο-ομηυε,

267 3593 313 3640 Sed
341 3593 450 3654 quoniam
479 3593 551 3639 Terra
586 3602 621 3639 est
647 3593 730 3654 figura

264 3656 425 3716 aphamidicae,
447 3655 621 3704 semi-dimnetri
637 3656 687 3718 ejus
704 3657 730 3704 in
857 3693 876 3738 S

264 3719 359 3768 diversis
373 3719 534 3767 latitudinibus
550 3719 611 3766 inter
625 3735 650 3766 se
661 3719 727 3766 diffe-
765 3745 769 3754 ·
784 3771 786 3782 ,

264 3793 327 3841 runt,
346 3793 370 3832 et
387 3792 422 3830 est
433 3783 613 3831 semi-diameter
626 3784 729 3830 maxima

264 3848 394 3896 secundum
407 3859 546 3910 aquatorem
560 3846 591 3894 ad
606 3847 728 3894 minimam

264 3913 394 3959 secundum
409 3913 481 3972 palos,
500 3911 548 3958 sive
564 3910 589 3957 in
605 3909 728 3958 latitudine

265 3975 317 4024 W·
341 3985 369 4024 ui
396 3980 521 4026 19658600
546 3973 577 4021 nti
605 3980 730 4023 19575000

264 4039 358 4096 circiter,
385 4049 465 4102 estque
496 4053 577 4087 earum
603 4037 731 4085 differentia

212 4127 214 4132 ·
264 4107 342 4152 85472
370 4103 453 4168 (Prop
484 4103 563 4150 XIX.
589 4101 643 4150 Lib.
668 4101 728 4164 huj.)

264 4165 290 4210 in
300 4167 351 4212 aliis
361 4165 522 4214 latitudinibus
530 4165 659 4213 differentia
669 4165 729 4212 inter
1425 4217 1431 4230 .
1543 4189 1546 4194 ·

264 4227 403 4278 diametrum
428 4232 554 4278 maximam
580 4239 604 4276 et
624 4227 728 4290 quamvis
756 4227 825 4276 sliam
852 4236 887 4274 est
927 4225 1043 4288 sitquel„
1060 4223 1143 4286 globus
1154 4220 1232 4269 Lunae
1247 4216 1463 4280 wopertuaflurdo
1480 4217 1545 4292 ΡΒ.

265 4291 296 4344 nd
306 4292 459 4342 differentiam
475 4293 575 4355 priorem
591 4293 616 4338 in
627 4293 715 4340 ratione
726 4290 845 4352 duplicati
855 4291 886 4338 ἀ.
929 4289 954 4336 si
964 4289 1063 4352 gravitas
1073 4285 1219 4334 acceleratrix
1227 4285 1306 4332 Tarra
1316 4285 1341 4329 in
1351 4282 1445 4358 ianuam
1453 4281 1549 4344 aqualia

265 4354 310 4400 niis
320 4358 391 4403 tatius
406 4359 436 4404 ad
451 4359 529 4404 sinum
545 4355 647 4420 cujusvis
663 4355 793 4402 latitudinis
803 4369 886 4416 quam·
927 4363 986 4399 esset
996 4350 1101 4414 gravitati
1108 4347 1260 4396 acceleratrici
1268 4347 1345 4394 Lunae
1352 4361 1377 4392 rn
1387 4346 1490 4397 Terram.
1503 4345 1548 4390 hoo

265 4419 371 4477 proximi
382 4421 465 4482 (Prnp.
478 4423 539 4468 XX.
549 4421 602 4468 Liu
614 4419 674 4483 huj.)
686 4419 741 4466 hinc
752 4421 776 4465 in
787 4418 886 4479 syzygiis
926 4416 990 4462 estai
1001 4414 1096 4494 aqualia
1105 4422 1163 4460 esset
1171 4412 1272 4460 materia
1279 4411 1394 4472 quantitas
1404 4410 1429 4456 in
1442 4405 1512 4457 Luni
1521 4417 1549 4482 et

266 4482 344 4530 Lunae
354 4483 475 4543 parallaxis
485 4485 535 4546 ejus
545 4483 691 4531 horizontalis
701 4483 830 4538 mediocris,
841 4483 886 4528 hcc
927 4479 952 4524 in
964 4479 1045 4535 Terra,
1059 4477 1121 4537 globi
1133 4475 1181 4522 dno
1193 4476 1222 4533 T,
1236 4476 1266 4531 L,
1283 4490 1331 4521 sese
1341 4480 1505 4533 componerent
1520 4486 1548 4521 ιιι

266 4557 308 4602 cst,
323 4548 364 4592 ubi
379 4545 488 4592 distantia
497 4557 627 4594 centrorum
640 4547 717 4594 Lunae
727 4555 752 4594 et
762 4547 841 4594 Terra
852 4553 887 4590 eat
927 4541 1014 4604 figuras
1024 4539 1183 4602 sphaeroidicaa
1192 4539 1279 4585 similes
1289 4552 1387 4600 quarum
1398 4551 1453 4582 axes
1470 4536 1498 4582 Μ
1513 4537 1546 4610 fir,

266 4609 501 4656 semi-diametrorum
521 4611 674 4658 maximarum
697 4610 775 4658 Terra
796 4613 886 4658 tanto
930 4605 996 4659 BN,
1009 4604 1112 4666 jacerent
1125 4603 1150 4648 in
1164 4602 1278 4648 duanam
1294 4602 1372 4663 (106).
1408 4599 1547 4674 Cirmfnmr

266 4674 355 4720 circiter
362 4674 430 4736 (Cor.
439 4671 471 4731 8.)
480 4674 524 4718 sub
532 4683 646 4732 aequitare
655 4673 771 4720 invenitur
779 4671 886 4723 dicendo,
927 4667 1007 4714 omnia
1017 4667 1071 4713 hinc
1081 4666 1136 4729 inde
1147 4676 1262 4738 [tonantur
1272 4663 1370 4724 aequalia
1379 4672 1462 4736 prater
1471 4677 1546 4735 rpsaqr

266 4747 295 4786 ut
309 4746 344 4784 eat
359 4734 467 4784 distamia
484 4735 560 4794 Luna
573 4751 587 4782 a
598 4735 672 4783 Tertii
685 4739 707 4785 L
721 4739 780 4784 S=
792 4739 886 4790 tanet,
927 4730 1022 4788 molem,
1039 4729 1104 4778 nulia
1119 4739 1153 4776 ast
1169 4739 1226 4777 ratio
1236 4743 1278 4775 cur
1291 4727 1373 4790 figure
1383 4727 1430 4772 rllae
1441 4740 1489 4772 non
1500 4735 1548 4772 sint
