3392 5675
289 462 348 519 148
588 448 932 517 PHILOSOPHIAE
952 448 1226 516 NATURALIS
1257 448 1331 526 [Dr
1342 446 1574 513 Moumswr.

286 622 501 687 observatione
514 618 615 705 primi
630 641 667 683 ac
681 620 771 685 tertii
785 619 1034 707 quampmximd,
1050 621 1077 685 si
1090 618 1186 685 modd
1201 618 1231 684 B
1244 619 1285 684 sit
1302 619 1391 683 locus
1405 619 1471 703 ejus
1485 615 1575 682 reetd

285 740 462 811 assumptus
476 726 510 788 in
524 726 739 789 observatione
753 724 898 789 secundi.

330 834 382 897 Ad
399 834 429 895 A
447 832 474 895 C
489 831 637 895 bisectam
659 832 693 895 in
716 832 733 895 1
748 832 833 919 erige
854 830 1112 915 perpendiculum
1127 829 1144 893 I
1159 830 1180 893 i.
1226 829 1288 894 Per
1300 841 1454 912 puuctum
1468 828 1498 892 B
1513 850 1575 915 age

288 942 441 1007 occultam
457 940 507 1005 Bi
521 939 582 1025 ipsi
596 940 628 1002 A
641 940 668 1005 Ο
682 939 872 1023 parallelum.
902 939 1006 1027 Junge
1016 940 1169 1003 occultam
1185 937 1234 1002 Si·
1245 948 1400 1000 secantem
1415 936 1446 1000 A
1460 936 1572 1012 cini„

286 1059 318 1113 at
340 1047 462 1131 comple
482 1045 808 1132 parallelogrammum
829 1046 841 1107 i
857 1044 874 1109 l
889 1057 953 1120 λμ.
999 1046 1086 1129 Cape
1108 1044 1125 1108 I
1140 1068 1155 1104 σ
1168 1043 1321 1129 aequulem
1343 1052 1361 1106 3
1379 1041 1395 1106 Ι
1409 1053 1439 1118 λ,
1462 1054 1494 1105 et
1513 1064 1574 1126 per

286 1152 392 1219 Solem
408 1154 431 1217 S
445 1162 504 1238 age
518 1151 671 1215 occultam
686 1175 700 1211 σ
714 1152 732 1231 ξ
746 1148 899 1235 aequalem
914 1159 933 1214 8
950 1150 975 1214 S
989 1170 1003 1211 o
1021 1158 1053 1224 -t-
1075 1158 1094 1213 8
1109 1149 1121 1211 i
1134 1160 1164 1213 λ.
1209 1148 1253 1213 Et
1266 1147 1376 1211 deletis
1392 1148 1458 1232 jam
1473 1146 1574 1211 literis

284 2409 325 2485 A,
343 2408 382 2485 E,
401 2409 438 2485 C,
456 2409 483 2486 I,
500 2420 650 2493 apuncto
667 2409 697 2474 B
710 2430 817 2473 versus
831 2422 983 2495 puuctum
997 2414 1016 2493 ξ
1029 2412 1091 2477 duc
1105 2415 1258 2479 occultam
1270 2438 1384 2480 novam
1400 2416 1484 2492 BE,
1501 2436 1573 2501 quae

288 2522 328 2585 sit
348 2522 389 2587 ad
409 2524 547 2607 priorem
571 2524 599 2587 B
622 2524 652 2591 E
673 2524 706 2587 in
727 2524 886 2608 duplicata
906 2527 1025 2591 ratione
1046 2528 1202 2593 distantia
1224 2530 1253 2595 B
1270 2531 1293 2594 S
1314 2528 1355 2591 ad
1370 2526 1572 2611 quantitatem

283 2630 310 2693 S
323 2654 346 2702 μ
365 2639 397 2704 -t-
417 2631 435 2709 l
450 2630 462 2691 i
477 2640 506 2693 λ.
551 2629 594 2694 Et
614 2652 673 2714 per
693 2642 844 2715 punctum
860 2632 890 2695 E
908 2634 1021 2696 iterum
1035 2634 1098 2697 duc
1112 2649 1227 2699 rectam
1243 2638 1274 2699 A
1289 2634 1320 2698 E
1335 2634 1364 2697 C
1378 2631 1488 2697 cidem
1502 2630 1573 2715 lege

285 2757 322 2799 ac
341 2738 438 2821 prius,
461 2738 495 2801 id
517 2750 572 2815 est,
595 2738 639 2801 ita
661 2753 697 2802 ut
718 2739 783 2824 ejus
805 2753 909 2823 partas
923 2742 956 2805 A
971 2742 1001 2805 E
1015 2754 1047 2806 at
1068 2743 1097 2807 E
1113 2744 1144 2808 C
1155 2745 1217 2808 sint
1230 2743 1272 2807 ad
1286 2744 1428 2819 invicem,
1444 2755 1480 2804 ut
1493 2753 1572 2803 tem-

282 2867 360 2928 pora
389 2848 470 2911 inter
498 2848 729 2913 observationes
759 2850 790 2914 V
818 2862 851 2914 et
879 2851 936 2915 W.
996 2851 1040 2916 Et
1064 2865 1156 2917 erunt
1178 2853 1209 2918 A
1235 2865 1267 2917 et
1294 2853 1322 2917 C
1346 2852 1416 2916 loca
1441 2863 1571 2913 cometae

233 3019 248 3042 ἱ
283 2953 319 3036 (⁸)
334 2954 433 3040 magis
448 2955 602 3020 accuratd.

283 3127 443 3176 utslvad
456 3129 858 3192 St¹‚etrpatiaeodemtemporo‚
872 3145 914 3178 ur·
942 3132 1080 3194 mirmorio
1094 3147 1145 3181 tun
1162 3149 1242 3183 orcum
1259 3134 1414 3194 interceptum
1432 3131 1494 3178 inter
1512 3129 1570 3177 duas

284 3191 394 3253 gentibus
404 3191 450 3239 illis
461 3193 547 3240 viribus
557 3193 665 3241 deorsum
676 3209 754 3240 versus
767 3195 854 3252 Solem,
870 3195 912 3242 de·
943 3195 1102 3258 tangitudtna
1118 3199 1142 3246 T
1156 3201 1186 3253 A.
1205 3199 1229 3246 T
1244 3199 1273 3255 C,
1289 3196 1389 3258 ideoque
1405 3208 1520 3256 punctum
1539 3195 1570 3248 R·

282 3255 374 3316 rcripta,
386 3267 441 3304 aunt
451 3259 511 3304 iuter
522 3273 546 3305 re
557 3267 584 3306 ut
595 3259 652 3305 vireu
664 3259 744 3323 (Lam.
757 3259 791 3307 X.
801 3259 855 3307 Lib.
868 3259 910 3322 1.);
943 3269 978 3306 est
993 3261 1017 3306 in
1036 3261 1103 3308 arella
1118 3261 1184 3309 istius
1200 3261 1292 3309 chordd.
1330 3261 1430 3309 Undesi
1445 3270 1494 3306 tam
1504 3271 1573 3305 arcuo

898 3380 910 3390 ..
943 3325 1078 3386 traJectorin
1090 3326 1115 3380 Q
1125 3325 1171 3388 Rq
1182 3326 1243 3373 binis
1253 3325 1438 3387 longitudinibus
1445 3324 1468 3370 T
1477 3324 1507 3377 A,
1519 3321 1570 3369 Tc

943 3388 1059 3434 terminati
1074 3389 1145 3450 qudm
1162 3390 1242 3449 puncti
1258 3406 1278 3444 e,
1296 3388 1458 3448 concipiantur
1474 3385 1572 3458 vestigia

943 3451 1085 3498 normalibus
1103 3453 1133 3499 ad
1151 3454 1247 3514 planum
1268 3453 1380 3512 ecliptica
1398 3449 1503 3497 demissis
1523 3463 1571 3510 ug-

942 3524 1003 3570 ΠΜ,
1016 3515 1100 3575 nempe
1113 3518 1144 3574 A,
1158 3518 1189 3574 B,
1203 3519 1258 3564 Cet
1269 3518 1302 3571 Ε,
1319 3517 1363 3563 erit
1373 3524 1487 3574 puuctum
1505 3513 1528 3559 E
1545 3511 1571 3558 in

942 3577 1105 3627 chordirarcda
1118 3583 1140 3628 A
1154 3581 1214 3628 Bc.
1250 3577 1469 3628 Sodcbordanrcds
1483 3576 1569 3624 ABG

942 3641 1082 3691 dividitur-a
1095 3644 1158 3692 recti
1176 3645 1193 3691 S
1206 3646 1227 3692 B
1244 3644 1293 3692 ferd
1303 3645 1328 3690 in
1339 3643 1428 3690 ratione
1437 3651 1570 3700 temporum

941 3705 1027 3767 quibus
1037 3717 1126 3755 cometa
1141 3709 1171 3754 ad
1187 3709 1317 3768 eclipticam
1328 3709 1444 3762 reductus,
1461 3704 1570 3752 describit

941 3771 1044 3820 neunt
1059 3771 1087 3825 B,
1101 3772 1124 3818 B
1137 3773 1165 3828 C,
1184 3772 1264 3834 (165.)
1280 3783 1305 3819 et
1321 3778 1374 3832 (per
1383 3768 1481 3829 constr.)
1493 3770 1519 3814 in
1530 3766 1569 3815 tti-

941 3831 995 3880 drm
1006 3835 1094 3881 ratione
1109 3834 1220 3882 dividitur
1236 3846 1298 3882 recta
1314 3837 1336 3882 A
1351 3835 1380 3892 C,
1397 3833 1509 3894 nullaque
1524 3832 1570 3879 alia

941 3896 1004 3944 hisce
1013 3897 1184 3946 conditionibus
1195 3910 1268 3960 potest
1278 3899 1415 3946 satisfacere·
1450 3895 1514 3945 Culm
1525 3895 1570 3958 igi-

941 3969 980 4006 tur
998 3972 1102 4022 oporteat
1118 3963 1228 4010 chordam
1247 3963 1315 4010 arabs
1332 3964 1374 4024 qui
1393 3974 1428 4010 cst
1443 3960 1569 4022 vestigium

940 4025 1052 4084 portionis
1074 4027 1210 4089 tmjectoriae
1230 4028 1290 4074 inter
1311 4024 1469 4086 longitudines
1492 4025 1515 4071 T
1537 4028 1568 4081 A,

942 4088 1330 4150 Tcintaceptae,nrecttsTA‚
1349 4089 1569 4138 Tctermimriet
1651 4134 1655 4143 ,

939 4167 981 4212 per
999 4153 1021 4202 Ε
1036 4156 1132 4202 transire
1147 4164 1171 4202 et
1184 4155 1209 4201 iu
1226 4155 1249 4201 Ε
1259 4155 1332 4200 dividi
1342 4156 1366 4200 iu
1377 4153 1466 4200 ratione
1477 4163 1568 4212 tempo-

939 4229 1001 4272 rum,
1019 4216 1120 4278 cirroque
1130 4231 1192 4265 recta
1210 4221 1233 4264 A
1248 4220 1268 4266 C
1284 4221 1353 4265 busco
1363 4218 1509 4264 conditiones
1519 4216 1569 4263 oola

935 4288 964 4324 'at
979 4282 1048 4326 unica
1064 4281 1172 4337 obtineat,
1190 4282 1284 4329 eridano
1295 4291 1425 4328 attactam
1445 4283 1466 4328 A
1481 4282 1502 4328 C
1518 4296 1568 4327 essa

939 4344 1047 4390 chordam
1056 4345 1159 4404 predicti
1168 4345 1240 4399 arada
1249 4361 1277 4393 ac
1284 4345 1381 4407 proindd
1388 4355 1474 4405 puncta
1486 4347 1507 4390 A
1513 4355 1537 4391 et
1547 4346 1567 4392 C

939 4418 994 4453 suut
1015 4408 1190 4468 quamproximi
1210 4411 1307 4472 vestigia
1328 4419 1425 4456 cometa
1449 4409 1475 4454 in
1496 4409 1568 4468 plano

939 4471 1091 4530 eclipticam
1107 4474 1304 4520 obaenationibua
1322 4472 1398 4534 pritmi
1413 4482 1437 4519 at
1454 4471 1529 4526 tertii,
1547 4473 1566 4518 si

939 4532 1010 4579 modo
1024 4535 1044 4580 B
1056 4534 1086 4582 sit
1101 4535 1166 4584 locut
1177 4539 1229 4600 ejus
1238 4536 1300 4585 ractd
1310 4547 1441 4598 assumptus
1451 4537 1476 4583 in
1488 4540 1567 4584 obacr-

276 4595 347 4658 quara
358 4589 419 4630 recta
431 4585 455 4632 tt
466 4601 487 4642 e,
503 4590 647 4650 carpatium
664 4608 705 4653 par
715 4593 779 4656 quod
791 4605 881 4644 cometa
892 4613 906 4646 e
938 4599 1029 4644 vatione
1040 4598 1149 4648 secundi.

276 4655 355 4721 quicto
375 4662 403 4693 ex
428 4647 452 4694 R
469 4650 588 4724 'demissus
608 4671 687 4704 versus
711 4659 789 4706 Solem
812 4659 906 4709 caderet
973 4661 1004 4725 (⁸)
1017 4666 1031 4692 θ
1044 4664 1121 4725 Magis
1131 4664 1246 4714 accurata
1283 4665 1402 4720 Quoniam
1414 4666 1467 4728 (per
1476 4676 1564 4712 constr.

275 4725 368 4757 remisse
379 4720 488 4786 temporis
498 4729 544 4776 quo
557 4717 628 4766 Terra
639 4719 747 4769 describit
759 4739 840 4771 arcum
854 4725 904 4782 Tt,
939 4725 1051 4788 praeced.)
1068 4738 1200 4788 assumptus
1215 4738 1250 4776 est
1263 4728 1329 4777 locus
1345 4731 1368 4778 B
1384 4745 1439 4776 vero
1450 4744 1497 4776 nou
1509 4729 1566 4775 ratis

274 4773 319 4822 ¹¹⁰⁰
334 4783 376 4832 “b
393 4789 487 4824 mmm
503 4781 614 4840 temporis
629 4798 676 4845 quo
692 4795 784 4834 comcta
796 4788 905 4837 describit
938 4790 1065 4848 proximos,
1088 4802 1112 4841 et
1137 4792 1198 4841 lioet.
1217 4791 1323 4841 accuratd
1343 4802 1452 4854 sumptus
1471 4793 1564 4850 suimet,
