3392 5675
456 436 622 532 '173'
1116 460 1801 528 PfflLosorHLAE
1846 458 2393 526 NATURAms
2443 459 2589 539 [Da
2609 457 2857 522 Μυκη.
2881 458 3070 521 sm.

490 632 726 699 directe
755 631 1023 707 aversis3
1063 630 1454 717 digrediente
1480 640 1690 694 autem
1717 640 2065 712 spectatore
2092 628 2173 691 de
2200 627 2300 690 his
2323 627 2530 711 planis
2557 626 2827 690 deviatio
2853 626 3073 709 paula-

489 744 606 814 tim
648 743 928 818 sentitur,
975 754 1041 805 et
1087 740 1288 804 indies
1329 752 1591 824 apparet
1629 742 1852 825 major.
1963 736 2160 814 Quod
2202 738 2474 803 deviatio
2518 738 2762 803 coetefis
2811 740 3073 822 paribus

489 850 696 915 minor
723 832 818 913 est
845 847 954 911 ubi
975 847 1502 931 cauda-obliquior
1523 859 1617 911 est
1639 846 1722 910 ad
1743 846 1963 909 orbem
1984 857 2265 923 cometae,
2288 857 2363 910 ut
2379 857 2445 911 et
2463 846 2572 909 ubi
2600 857 2790 929 caput
2810 858 3073 909 cometae

492 959 576 1023 ad
624 956 835 1021 Solem
883 951 1146 1041 propius
1197 956 1474 1032 accedit3
1537 956 1887 1040 proesertim
1910 968 1917 975 “
1937 957 1991 1020 si
2041 967 2353 1040 spectetur
2394 955 2759 1019 deviationis
2804 955 3073 1042 angulus

483 1067 668 1153 juxta
699 1074 888 1145 caput
919 1073 1212 1125 cometae:
1255 1074 1562 1146 praeterea
1589 1062 1759 1148 quod
1787 1062 2004 1126 caudae
2030 1084 2160 1125 non
2188 1062 2506 1126 deviantes
2534 1073 2837 1147 apparent
2858 1072 3071 1139 rectae,

492 1172 809 1237 deviantes
851 1180 1064 1234 autem
1104 1169 1529 1233 incurvantur.
1620 1170 1816 1245 Quod
1858 1183 2191 1235 curvatura
2230 1174 2431 1257 major
2471 1183 2569 1236 est
2594 1172 2707 1235 ubi
2746 1174 2945 1257 major
2972 1183 3075 1235 est

491 1281 780 1361 deviatio,
806 1292 869 1345 et
889 1280 1088 1366 magis
1118 1280 1422 1344 sensibilis
1451 1280 1562 1344 ubi
1588 1280 1789 1344 cauda
1818 1281 2059 1343 coeteris
2086 1280 2342 1364 paribus
2371 1280 2619 1366 longior
2646 1292 2776 1344 est:
2819 1301 2965 1344 nam
3002 1280 3074 1342 in

428 1382 435 1388 ⁸
493 1390 882 1455 brevioribus
934 1398 1266 1453 curvatura
1313 1387 1483 1476 aegre
1532 1389 2062 1453 animadvertitur.
2154 1388 2348 1465 Quod
2395 1388 2760 1452 deviationis
2804 1388 3072 1475 angulus

494 1501 703 1564 minor
745 1513 840 1564 est
869 1502 1057 1586 juxta
1083 1512 1273 1584 caput
1301 1512 1580 1577 cometoe,
1625 1500 1825 1584 major
1843 1500 2030 1583 juxta
2057 1497 2280 1563 caudae
2307 1498 2762 1564 extremitatem
2788 1497 3071 1578 alteram,

493 1620 680 1694 atque
727 1605 871 1671 ideo
922 1607 1093 1692 quod
1142 1606 1342 1670 cauda
1385 1628 1667 1670 convexo
1718 1607 1814 1671 sui
1860 1605 2057 1669 latere
2106 1616 2317 1689 partes
2360 1604 2613 1689 respicit
2654 1628 2695 1668 a
2734 1604 2960 1689 quibus
3000 1604 3079 1667 fit

496 1714 789 1793 deviatio,
823 1736 1088 1802 quaeque
1114 1716 1184 1779 in
1212 1715 1380 1781 recta
1410 1731 1558 1780 sunt
1583 1715 1749 1779 linea
1778 1739 1818 1780 a
1848 1717 1996 1781 Sole
2021 1739 2137 1801 per
2163 1730 2353 1803 caput
2380 1732 2640 1783 cometae
2666 1719 2735 1782 in
2762 1719 3076 1783 infinitum

494 1825 704 1890 ductii.
795 1825 882 1898 Et
909 1824 1082 1910 quod
1111 1825 1329 1888 caudae
1357 1846 1500 1910 quae
1528 1825 1903 1909 prolixiores
1932 1838 2079 1889 sunt
2104 1839 2169 1890 et
2193 1828 2463 1906 latioreS,
2506 1843 2573 1892 et
2597 1828 2738 1892 luce
2763 1829 3079 1915 vegetiora

493 1932 745 2009 micant,
789 1930 916 1995 sint
958 1930 1042 1994 acl
1068 1930 1270 1995 latera
1295 1953 1579 1995 convexa
1621 1931 1813 2015 paulo
1842 1931 2294 2016 splendidiores
2324 1947 2388 1998 et
2415 1935 2616 1999 limite
2638 1935 2844 1998 minus
2883 1934 3081 1999 indis-

500 2042 697 2107 tincto
724 2041 1075 2105 terminatae
1105 2039 1296 2125 quam
1323 2040 1406 2105 ad
1435 2061 1724 2104 concava.
1817 2040 2106 2106 Pendent
2131 2041 2325 2127 igitur
2352 2043 2767 2126 phaenomena
2795 2042 3013 2107 caudae
3041 2065 3081 2105 a

499 2164 678 2218 motu
706 2151 944 2237 capitiS,
975 2171 1106 2214 non
1134 2162 1342 2213 autem
1370 2174 1407 2213 a
1435 2150 1692 2236 regione
1715 2150 1859 2214 coeli
1887 2150 1956 2213 in
1984 2148 2109 2236 quii
2140 2162 2330 2235 caput
2357 2152 2766 2234 conspicitur;
2796 2164 2860 2215 et
2886 2174 3083 2235 prop-

497 2273 668 2326 terea
695 2283 824 2324 non
853 2260 1016 2325 fiunt
1055 2282 1172 2345 per
1200 2259 1633 2323 refractionem
1662 2258 1987 2337 coelorum,
2034 2258 2144 2324 sed
2171 2282 2212 2322 a
2238 2260 2441 2343 capite
2469 2260 2903 2345 suppeditante
2944 2282 3083 2323 ma-

499 2368 719 2432 teriam
744 2368 1054 2431 oriuntur.
1144 2367 1398 2430 Etenim
1425 2380 1498 2431 ut
1524 2367 1592 2430 in
1623 2369 1769 2431 ae‘re
1797 2379 2017 2431 nostro
2044 2365 2251 2430 fumus
2282 2369 2562 2452 corporis
2593 2368 2857 2451 cujusvis
2900 2368 3085 2454 igniti

498 2474 663 2559 petit
689 2474 1033 2559 superiora,
1067 2473 1256 2560 idque
1284 2474 1385 2538 vel
1411 2474 2013 2560 perpendiculariter
2040 2474 2095 2538 si
2122 2495 2351 2558 corpus
2381 2474 2674 2558 quiescat,
2705 2472 2803 2537 vel
2831 2472 3086 2558 oblique

501 2584 554 2649 si
584 2605 812 2668 corpus
841 2595 1166 2646 moveatur
1193 2583 1260 2646 in
1288 2582 1486 2647 latus:
1531 2583 1620 2647 ita
1647 2584 1717 2646 in
1745 2584 1937 2660 coelis,
1968 2583 2080 2647 ubi
2109 2595 2377 2668 corpora
2417 2584 2727 2669 gravitant
2753 2582 2821 2645 in
2849 2582 3083 2657 Solem,

501 2675 658 2755 fumi
687 2702 750 2753 et
779 2712 1043 2775 vapores
1073 2691 1406 2755 ascendere
1435 2692 1667 2755 debent
1695 2714 1733 2755 a
1766 2692 1912 2756 Sole
1942 2693 2060 2775 (uti
2076 2693 2212 2776 jam
2242 2691 2477 2756 dictum
2517 2692 2633 2771 est)
2675 2702 2739 2754 et
2767 2690 3089 2774 superiora

503 2799 607 2864 vel
634 2798 805 2864 recta
829 2812 1064 2885 petere,
1096 2801 1149 2864 si
1178 2821 1404 2885 corpus
1432 2800 1676 2866 fumans
1706 2801 1987 2887 quiescit,
2019 2801 2120 2866 vel
2147 2799 2419 2888 oblique,
2464 2801 2517 2864 si
2556 2819 2781 2885 corpus
2822 2820 3091 2884 progre-

506 2907 742 2971 diendo
768 2907 909 2970 loca
938 2929 1199 2991 semper·
1213 2907 1444 2973 deserit
1471 2930 1510 2971 a
1538 2909 1763 2994 quibus
1786 2909 2134 2992 superiores
2157 2909 2404 2992 vaporis
2432 2918 2637 2993 partes
2660 2906 3088 2970 ascenderant.

509 3014 596 3078 Et
637 3011 966 3097 obliquitas
1010 3013 1130 3076 ista
1169 3013 1376 3078 minor
1406 3014 1524 3077 erit
1566 3013 1674 3077 ubi
1714 3035 2006 3078 ascensus
2035 3014 2282 3098 vaporis
2310 3012 2585 3078 velocior
2613 3024 2745 3076 est:
2789 3011 3091 3078 nimirum

514 3938 742 4014 ’calarinus
771 3938 822 3986 in
854 3938 961 4014 vitri
991 3935 1152 3986 unm-fl
1173 3934 1281 3985 foco
1303 3937 1484 4000 objecta
1515 3936 1781 4012 notabiliter
1843 3937 1971 3995 teria,
2006 3938 2402 4018 qnandmodum
2445 3939 2496 3987 in
2533 3940 2770 4016 apparenti
2806 3948 3099 4014 tomentum

514 4001 1784 4129 {ffiflssgzz‘ffisszi't„ffiflssffiiffissfflffiffi
1843 4004 2154 4123 ἏὛὲῗῗζ
2178 4003 3103 4128 ῑέἰῗοηῖιέῗῗέἔέἷωῗρέῗὲωῒῌ

515 4128 756 4189 penderet,
777 4129 982 4177 collectis
998 4129 1104 4176 vitri
1122 4127 1287 4176 ustorii
1301 4143 1391 4188 ope
1407 4128 1632 4176 solaribus
1645 4128 1785 4176 radiis
1846 4129 2083 4176 mdiorum
2103 4129 2324 4176 solarium
2346 4130 2614 4190 impulsioni
2635 4132 2812 4190 possint
2831 4131 3054 4186 resistere,
3071 4145 3107 4176 e

519 4194 727 4252 exposita
755 4194 857 4268 haffc
888 4192 1078 4240 lamella
1107 4193 1254 4267 instar
1283 4191 1480 4252 penduli
1510 4190 1787 4267 sensibiliter
1848 4191 2009 4267 contra
2029 4191 2137 4240 vero
2153 4194 2277 4267 orpis
2294 4195 2502 4254 superior
2522 4195 2686 4270 A.F.B
2705 4196 2752 4241 D
2772 4196 2811 4242 C
2828 4195 2896 4268 E,
2908 4193 3110 4242 leviores

518 4254 755 4378 ῗέῗέηἶῖιέ
756 4257 860 4367 ²1:³3?
861 4256 1787 4378 ῗὲαῑσὲΐᾛίξήὲῒέἲηέξῖἑὲωῷἷέῗ
1850 4257 3107 4380 Ξῖέῑῗὲᾋὲᾞῗαῗέῒηῖ“ὲίιὲᾬὶζᾞρῗιὲᾭῖἓ

521 4395 603 4426 ma
622 4390 779 4440 tamen
801 4398 899 4431 esse
919 4394 1072 4444 potest
1091 4385 1142 4430 in
1166 4382 1328 4444 spatiis
1351 4381 1598 4429 liberrimis
1617 4383 1665 4429 in
1683 4383 1788 4443 qui·
1851 4384 2015 4444 projici
2034 4399 2207 4432 ,versus
2238 4384 2362 4430 Solis
2388 4385 2726 4445 oppositionem
2744 4386 2953 4432 materiae
2970 4381 3111 4431 vesti-

521 4446 614 4492 bus
633 4454 826 4492 cometae
848 4447 1138 4505 deferuntur,
1162 4445 1418 4508 praesertim
1439 4446 1554 4494 cum
1574 4446 1789 4492 tenuissi-
1852 4446 1988 4508 gium
2012 4447 2056 4494 B
2085 4448 2131 4495 G
2156 4447 2211 4493 H
2237 4447 2259 4510 j
2286 4448 2352 4503 K,
2385 4448 2512 4510 quod
2529 4449 2731 4510 figuram
2759 4448 3013 4496 caudarum
3033 4461 3112 4492 re·-

525 4523 604 4556 ma
625 4508 685 4555 sit
706 4509 899 4556 materia
919 4525 1024 4571 quae
1046 4521 1337 4561 cometarum
1351 4509 1522 4557 caudas
1533 4509 1787 4568 componit.
1856 4519 2117 4570 praesentat·
2165 4512 2244 4558 Ex
2259 4511 2395 4558 dictis
2414 4522 2541 4572 patet
2560 4515 2681 4560 hanc
2700 4513 2977 4560 sentnrtiam
2998 4524 3114 4558 cum

526 4572 639 4622 Jam
665 4569 772 4620 vero
793 4574 1081 4632 concipiatur
1103 4585 1286 4622 cometa
1310 4574 1375 4627 N,
1405 4573 1646 4633 apparenti
1666 4573 1793 4620 cinc-
1859 4574 2183 4621 Newtonianis
2218 4575 2466 4636 Principiis
2504 4577 2795 4634 consentire5
2820 4586 2884 4623 ⁴et
2922 4575 3117 4638 quidem
3194 4572 3199 4579 ’

529 4645 609 4684 tus
629 4635 937 4696 atmosphaerii
960 4637 1005 4684 E
1025 4637 1076 4684 D
1095 4637 1151 4693 F,
1175 4638 1224 4684 in
1247 4637 1443 4684 transitu
1460 4637 1632 4684 scilicet
1652 4634 1795 4696 prope
1862 4637 2125 4686 Newtonus
2144 4637 2405 4687 describens
2424 4639 2585 4700 postea
2619 4640 2813 4700 Keplm·
2844 4641 3119 4700 opinionem

537 4701 694 4748 Solem
717 4699 926 4756 collecta,
949 4699 1017 4746 ita
1036 4700 1164 4746 utin
1186 4700 1352 4763 majori
1372 4715 1400 4745 a
1419 4710 1612 4746 cometae
1628 4699 1799 4746 nucleo
1859 4715 1968 4764 que
1988 4701 2150 4750 eadem
2171 4701 2269 4751 fere
2290 4712 2375 4760 est,
2396 4707 2455 4753 ab
2476 4702 2534 4752 εἰ
2553 4719 2649 4752 non
2670 4704 2853 4754 videtur
2870 4705 3067 4751 alienus.

534 4765 604 4824 N,
621 4762 840 4813 distantia
857 4763 1004 4812 levior
1023 4763 1263 4827 rariorque
1277 4779 1460 4824 semper
1474 4763 1556 4811 fiat
1575 4765 1676 4810 haec
1697 4778 1799 4811 ma-
