3392 5675
262 470 324 531 188
564 452 907 527 PHILOSOPHIAE
928 450 1203 519 NATURALIS
1231 447 1439 531 [DaMuun.
1451 448 1545 546 Srsr.

257 632 312 718 qui
324 640 362 697 ee
375 626 413 693 eri
426 630 521 693 erioit
534 630 623 693 mide
636 629 736 691 clarus
749 635 780 689 et
793 625 882 707 prensi
895 624 1000 707 ingens
1014 622 1098 687 trabs
1112 622 1157 683 ad
1168 620 1310 683 orientem
1325 627 1355 681 et
1377 618 1546 701 aquilonem

256 738 407 814 tendebat,
434 746 470 799 ut
491 733 586 799 habet
610 733 704 797 etiam
727 730 882 797 Herelius
905 750 947 793 ex
973 728 1119 793 simeone
1141 725 1350 792 Dunelmensi
1373 722 1544 789 Monacho.

258 841 417 926 Apparuit
430 840 520 905 initio
534 839 649 903 mensis
666 837 838 914 Februarii,
854 857 892 901 ao
905 835 1052 919 deinceps
1066 834 1150 897 ciram
1160 854 1331 917 vesperam,
1347 830 1388 895 ad
1402 853 1547 896 occasum

264 947 347 1013 Solis
368 945 550 1017 brumalem.
595 943 675 1011 Inde
696 942 772 1009 verb
786 956 819 1007 et
832 964 874 1007 ex
887 943 949 1007 situ
963 942 1073 1007 caudae
1087 940 1244 1027 colligitur
1258 952 1352 1024 caput
1365 939 1460 1003 fuisse
1481 938 1546 1005 Soti

257 1052 405 1119 vicinum.
460 1052 492 1117 A
506 1054 583 1127 Sole,
599 1049 700 1136 inquit
715 1048 889 1115 Matthaeus
905 1048 1098 1126 Parisiensis,
1113 1048 1248 1111 distabat
1263 1048 1351 1130 quasi
1363 1046 1463 1109 credito
1475 1066 1545 1122 uno,

257 1162 297 1229 ab
316 1161 393 1227 tort
414 1160 508 1225 tertii
531 1156 658 1244 (rectilis
673 1156 774 1237 sexti)
796 1179 887 1241 ruptae
900 1158 944 1221 ad
956 1159 1062 1221 horam
1076 1178 1186 1219 nonum
1199 1157 1321 1219 radium
1334 1177 1372 1217 er
1385 1176 1416 1217 se
1429 1156 1547 1237 longum

257 1272 402 1335 emittens.
434 1268 521 1333 Talis
536 1268 630 1337 etiam
644 1278 711 1331 erat
725 1265 959 1331 ardentissimus
973 1252 1025 1329 ille
1039 1277 1161 1329 uometa
1174 1265 1214 1328 ab
1231 1263 1399 1327 Aristotele
1410 1263 1548 1347 descrip-

256 1389 309 1445 tus
323 1376 396 1443 Lib.
413 1376 440 1441 Ι.
457 1374 593 1439 Mereor.
609 1373 680 1451 VL,
695 1372 778 1457 cujm
791 1382 883 1455 caput
897 1374 1066 1455 primodie
1079 1394 1141 1435 uon
1155 1379 1338 1454 conspectm
1351 1379 1405 1447 est,
1420 1392 1455 1433 eo
1465 1374 1549 1455 'qnod
1571 1454 1579 1461 ⁸

256 1497 329 1553 onte
352 1488 449 1554 Solem
471 1487 518 1549 uel
540 1486 646 1549 sultm
670 1484 724 1549 aab
747 1485 847 1547 radiis
869 1482 1018 1550 solaribus
1039 1483 1204 1558 occidisset,
1229 1481 1374 1563 sequente·
1396 1476 1466 1543 uerit
1496 1482 1547 1546 dio

259 1605 403 1681 pareutum
418 1596 523 1677 potnit
544 1594 637 1659 uiam
658 1602 713 1659 est.
756 1592 840 1657 Naar
855 1612 944 1675 prom
957 1592 1166 1673 minimafhi
1172 1597 1275 1672 potest
1288 1588 1438 1651 amantia
1452 1589 1548 1652 Solon

261 1704 397 1786 reliquit,
413 1711 525 1765 otmar
538 1702 680 1765 occubuit.
714 1700 761 1765 Oh
773 1702 899 1767 nimium
912 1703 1052 1765 ardorem
1067 1698 1330 1784 (candescilioet)
1346 1699 1477 1761 nondam
1490 1718 1548 1779 op-

253 1810 386 1893 parebat
405 1811 518 1891 capitis
536 1829 658 1891 aparuit
679 1809 770 1891 ignia,
788 1808 841 1871 sed
856 1809 1038 1889 procedente
1051 1817 1183 1889 tompore
1201 1806 1258 1891 (ait
1271 1804 1469 1884 Aristoteles)
1484 1801 1549 1867 crim

258 1917 383 2003 (cauda)
398 1916 470 2000 joar
491 1918 589 1981 anate
599 1918 769 2005 firmet,
795 1918 919 1983 reddito
943 1927 987 1981 est
1003 1915 1122 1999 (capiti)
1144 1924 1263 1979 cometae
1281 1936 1337 1977 eun
1345 1914 1461 1999 socier.
1503 1916 1549 1979 Et

257 2030 442 2110 quettdutem
462 2048 545 2091 naon
566 2029 610 2093 od
629 2028 751 2091 tertiam
772 2048 864 2109 usque
877 2028 1077 2108 coelipurteto
1098 2024 1146 2109 (id
1158 2036 1216 2103 est,
1230 2024 1272 2088 ad
1287 2024 1376 2103 60⁸¹.)
1402 2025 1546 2087 extendit.

259 2136 419 2219 Apparuit
439 2144 542 2199 oedem
558 2144 690 2217 tempore
703 2135 834 2219 hyberos
857 2131 969 2219 (en.'4.
985 2134 1114 2221 Olymp.
1132 2134 1217 2215 101.)
1238 2144 1268 2198 et
1284 2120 1447 2197 amendias
1460 2154 1551 2217 usqne

257 2247 301 2307 nd
320 2246 469 2327 cingtrlana
492 2243 617 2308 Orionis
638 2244 684 2307 ibi
705 2247 838 2307 monuit.
885 2239 1018 2310 Cometa
1041 2245 1093 2309 ille
1115 2244 1191 2309 anni
1217 2253 1311 2321 1618,
1335 2245 1431 2329 quie
1454 2243 1551 2307 radiis

259 2350 413 2413 celeribus
434 2349 671 2413 caudatissimus
692 2351 826 2429 emersit,
852 2350 955 2415 stelles
977 2352 1088 2435 primae
1108 2352 1332 2438 magnitudinis
1353 2373 1479 2436 aequare
1500 2351 1551 2415 vel

260 2457 356 2543 pauld
372 2480 519 2542 superare
534 2459 707 2537 videbatur,
730 2460 786 2525 sed
807 2462 941 2545 majores
960 2481 1134 2544 apparuere
1147 2472 1279 2524 cometae
1293 2482 1358 2525 non
1370 2461 1474 2543 pauci,
1498 2459 1552 2544 qui

210 2568 215 2581 '
260 2566 377 2631 caudas
391 2568 548 2633 breviores
562 2567 710 2633 habuere.
755 2568 887 2634 Horum
900 2567 997 2654 aliqui
1010 2568 1133 2647 Jovem,
1142 2568 1208 2633 alli
1221 2568 1378 2633 Venerem
1391 2567 1442 2631 vel
1456 2568 1550 2631 etiam

261 2673 386 2771 Lunam
400 2696 540 2759 aequasse
558 2674 734 2741 traduntur.

304 2777 343 2865 (¹¹)
356 2778 505 2846 Diximus
520 2790 656 2846 cometas
671 2802 739 2846 esse
752 2802 854 2868 genus
867 2780 1065 2867 planetarum
1078 2779 1112 2846 in
1125 2779 1254 2847 orbibus
1269 2778 1361 2846 valde
1372 2779 1551 2845 ecoentriois

262 2887 345 2950 circa
367 2887 472 2950 Solem
492 2887 726 2952 revolventium.
781 2887 825 2953 Et
845 2887 1110 2974 quemadmodum
1129 2911 1150 2952 e
1168 2888 1303 2974 planetis
1324 2909 1391 2952 non
1412 2888 1552 2951 caudatis

259 2998 398 3064 minores
418 3021 488 3064 esse
502 2999 612 3076 solent,
636 2999 690 3085 qui
709 2999 742 3064 iu
757 3000 885 3066 orbibus
898 3000 1074 3066 minoribus
1087 3011 1120 3064 et
1136 3000 1202 3064 Soli
1216 2999 1416 3084 propioribus
1435 3020 1552 3084 gyran-

259 3119 320 3186 tur,
344 3107 388 3172 sic
410 3107 505 3188 etism
519 3120 666 3184 camenas,
690 3109 744 3194 qui
765 3109 797 3172 in
811 3108 971 3194 periheiiis
985 3109 1050 3174 suis
1063 3109 1105 3189 ad
1121 3109 1227 3174 Solem
1240 3106 1372 3194 propiis
1386 3107 1549 3185 aooedunt,

260 3227 295 3279 ut
309 3199 480 3299 plurimum
493 3215 630 3279 minores
644 3238 722 3294 esse,
740 3239 780 3280 ne
796 3217 903 3302 Solem
916 3218 1101 3284 anraouone
1115 3217 1172 3282 suia
1184 3219 1280 3283 nimis
1293 3218 1422 3304 agitent,
1436 3216 1552 3281 rationi

259 3333 502 3386 consentaneum
524 3323 657 3388 videtur.
701 3322 734 3408 (¹)
761 3323 897 3388 Orbium
917 3323 993 3390 verb
1013 3338 1203 3390 transversas
1225 3324 1392 3389 diametros
1408 3335 1439 3386 et
1458 3344 1550 3387 revo-

259 3431 413 3496 lutionum
433 3444 576 3516 tempora
595 3432 764 3519 periodica,
786 3455 829 3499 ex
843 3433 1009 3500 rodanone
1022 3447 1213 3500 cometarum
1234 3433 1268 3497 in
1288 3432 1400 3497 iisdem
1418 3429 1550 3496 orbibus

293 3683 329 3749 (¹¹)
344 3687 795 3762 lllstliioiqtusoometnresse‘genus
807 3693 889 3754 plone·
921 3691 1083 3740 animadvertit
1098 3693 1185 3741 elarius.
1205 3690 1317 3740 cassinus
1338 3690 1363 3737 in
1383 3691 1451 3740 Mon.
1472 3689 1547 3738 Paris.

260 3759 347 3806 tarum,
359 3751 431 3826 idque
441 3752 581 3814 gravrmimis
591 3753 718 3802 nunnius
727 3755 887 3804 eonfiteretur.
924 3762 993 3806 1696
1005 3768 1120 3805 sommam
1135 3757 1230 3804 disemis
1245 3756 1388 3816 temporibus
1403 3759 1551 3802 observatum

263 3811 319 3861 Hac
337 3829 401 3861 emm
419 3814 479 3862 sacti
500 3816 621 3877 hypothesi
642 3819 826 3882 comparatisque
846 3835 889 3879 per
919 3819 1020 3882 idedque
1036 3836 1078 3880 pro
1095 3820 1187 3874 duobus
1205 3821 1301 3868 numetis
1315 3830 1460 3879 usurpatum,
1471 3833 1551 3864 unum

261 3878 383 3926 methodos
403 3878 560 3938 madentes
580 3887 724 3930 marum
745 3883 887 3946 ηιξκιοτϋῃ
920 3883 1328 3946 eundemqueesrepusselieernoa
1335 3883 1547 3930 convenientiores

261 3942 396 4005 hujusmodi
412 3943 547 4006 trajeotoriae
558 3960 648 4006 semper
658 3961 713 3994 cum
728 3947 889 4008 phoenomenis
920 3961 945 3996 ae
956 3948 1036 3995 omnia
1046 3957 1154 3994 motuum
1166 3947 1296 4004 elementa3
1312 3947 1361 4004 lieri
1373 3947 1459 3992 seilicet
1473 3952 1553 4007 potest

261 4017 395 4068 congruunt
405 4009 580 4070 quamproxime
595 4009 679 4058 rimisa.
695 4011 804 4058 Halieius
815 4011 890 4072 suspi-
922 4022 950 4060 ut
970 4027 1034 4060 unua
1055 4011 1164 4075 idemque
1180 4023 1271 4060 cometa
1291 4011 1328 4058 bis
1348 4013 1480 4058 observatus
1502 4023 1552 4055 non

260 4080 328 4118 eatur
342 4081 457 4120 cometam
473 4088 511 4120 aa.
527 4078 596 4122 1531.
609 4076 639 4122 ab
657 4075 768 4136 Appiano
783 4078 889 4124 dserva·
921 4087 984 4124 aeoet
997 4076 1127 4138 κῠριίωω
1137 4079 1273 4124 subendam
1283 4075 1371 4136 angulo
1387 4084 1411 4120 et
1425 4073 1451 4120 iu
1465 4071 1551 4120 iisdem

261 4135 443 4210 remeandum
461 4135 534 4184 inisse
551 4153 606 4184 oum
623 4137 664 4184 illo
681 4139 720 4201 qui
738 4154 801 4187 anno
817 4144 887 4189 1607.
921 4140 986 4198 loeis,
1004 4151 1032 4188 ut
1042 4151 1139 4188 nomene
1154 4141 1225 4201 hujus
1235 4138 1344 4187 velocitas
1354 4139 1378 4183 in
1389 4139 1491 4199 perigaeo
1502 4151 1551 4182 non

262 4197 391 4259 desumptus
404 4209 441 4247 est
456 4215 471 4247 a
488 4201 592 4262 Kepleru
606 4210 629 4249 et
645 4202 849 4264 longemanum
866 4214 891 4254 et
920 4204 953 4252 ait
973 4203 1063 4252 adem.
1110 4205 1207 4252 Talibtra
1226 4204 1293 4252 enirn
1316 4203 1432 4250 erroribus
1451 4201 1553 4262 aliisque

262 4275 333 4322 quem
352 4261 463 4312 Helleiur
481 4263 530 4325 ipse
548 4265 684 4314 redeumenr
706 4267 833 4318 observarit
849 4284 887 4316 aa.
922 4269 1030 4330 plurimis
1046 4268 1117 4316 Luna
1132 4278 1167 4315 ast
1182 4268 1289 4315 obnoxia.
1326 4267 1445 4314 Caeterum
1461 4264 1550 4311 clariss.

265 4329 335 4398 1668.
348 4327 493 4386 quadrabant
503 4329 566 4374 enirn
578 4329 787 4387 elementeomnia,
795 4331 891 4394 solaque
924 4332 1034 4380 Helleius
1050 4332 1174 4394 diligenter
1191 4330 1309 4392 pauperum
1329 4331 1432 4376 motibus
1453 4337 1552 4374 comam

262 4387 814 4454 periodoruminaequnlitasadrerserividebatur.
840 4397 889 4444 Ve-
921 4411 960 4446 an.
978 4403 1047 4445 1688.
1065 4397 1138 4460 hujus
1156 4406 1253 4444 commu
1273 4393 1376 4442 reditum
1394 4408 1458 4440 anuo
1478 4396 1549 4440 1758·

263 4449 316 4528 ritui
326 4461 446 4527 tantanpn
455 4455 501 4502 tuit
512 4457 655 4518 inaequalitas
663 4456 702 4504 illa
712 4467 739 4504 ut
745 4458 821 4506 causis
830 4461 889 4520 phy·
923 4460 1030 4507 interram
1041 4476 1090 4506 esse
1100 4459 1214 4520 praedixit

263 4529 317 4564 mers
326 4514 425 4590 edsenbr
436 4532 482 4566 nou
494 4521 570 4579 posit.
607 4521 703 4570 Saturni
712 4523 776 4570 enirn
787 4533 867 4570 moun
875 4539 891 4571 a
955 4523 987 4587 (¹)
1005 4528 1019 4554 ⁰
1033 4525 1129 4574 θνὸὲαιι
1138 4524 1191 4572 ueri
1201 4535 1343 4572 tramam
1352 4523 1474 4571 muamus
1483 4528 1507 4568 ci
1516 4533 1554 4565 re·

263 4589 353 4626 certeris
369 4579 467 4640 planetis
477 4593 500 4629 et
516 4585 737 4642 praesertianove
751 4586 785 4634 itti
800 4597 891 4646 permr·
927 4590 1069 4638 numinum
1084 4597 1187 4650 tempora
1200 4589 1324 4648 periodica.
1357 4583 1419 4631 Haec
1435 4586 1483 4631 duo
1494 4581 1554 4628 obti-

262 4643 332 4690 batur
350 4653 378 4690 ut
394 4659 436 4703 per
454 4645 541 4706 aliquot
555 4647 606 4694 dies
619 4648 721 4711 integros
737 4649 851 4697 incertum
863 4651 893 4697 sit
925 4653 977 4698 neri
995 4660 1093 4712 possum
1110 4656 1155 4713 p'er
1167 4649 1305 4700 methodum
1321 4663 1387 4696 num.
1407 4653 1460 4696 160.
1482 4660 1555 4708 alpo-

262 4708 334 4780 hujus
343 4708 444 4775 planae
454 4716 547 4771 tempus
555 4712 707 4770 periodicum.
736 4714 811 4762 Recte
822 4717 893 4764 etiam
923 4716 1001 4768 itm
