3392 5675
68 473 72 480 ·
155 472 265 537 naa.
281 470 461 551 rannus]
508 452 747 537 nummum
772 470 1141 541 Marnnuarrca.
1374 481 1436 543 rar
1482 559 1485 569 .

153 632 163 651 '
196 641 426 729 Atmosphaerae
447 654 639 711 cometarum
661 648 694 709 in
715 616 867 713 descensu
887 649 1050 713 eorumin
1073 650 1178 715 Solem
1193 650 1388 715 exacuendo
1402 650 1437 713 in

154 747 279 825 caudas,
296 748 520 829 diminuuntur,
536 764 568 817 et
582 751 632 838 (eir
647 752 731 817 certe
745 754 778 817 in
791 764 882 837 parte
895 774 965 840 quoe
978 754 1083 819 Solem
1093 757 1232 839 respicit)
1244 757 1436 844 angustiores

152 856 344 921 redduntur:
367 870 399 923 et
413 860 549 925 vicissim
562 862 596 923 in
611 882 733 925 recessu
748 884 858 925 eorum
872 884 891 925 a
906 862 988 939 Sole,
1006 862 1060 926 ubi
1069 865 1135 947 jam
1148 860 1251 925 mimis
1265 874 1438 927 excurrunt

152 961 185 1023 in
200 962 325 1041 caudas,
340 965 545 1049 ampliantur3
561 967 588 1030 si
601 966 697 1030 modi>
711 967 920 1052 phaenomena
929 989 1038 1031 eornm
1050 969 1203 1033 Herelius
1213 968 1299 1035 rectd
1308 970 1436 1035 notavit.
1545 1045 1548 1049 A
1574 1014 1577 1017 -

153 1070 298 1135 Minimae
323 1085 427 1136 antem
451 1087 612 1159 apparent,
636 1076 690 1137 ubi
713 1076 815 1159 capita
835 1076 903 1161 jam
927 1075 1024 1144 modd
1045 1076 1086 1139 ad
1110 1076 1216 1140 Solem
1237 1076 1384 1143 calefacta
1401 1078 1436 1141 in

151 1176 267 1241 caudas
287 1179 438 1243 maximas
460 1195 491 1243 et
511 1180 753 1266 fulgentissimas
768 1180 883 1260 abiere,
898 1194 931 1246 et
948 1182 1052 1247 nuclei
1066 1181 1152 1246 fumo
1165 1183 1270 1247 forsan
1285 1186 1437 1250 crassiore

152 1298 183 1350 et
196 1287 335 1374 nigriore
349 1288 382 1349 in
397 1288 675 1371 atmosphaerarnm
689 1290 829 1373 partibus
845 1290 960 1353 infimis
974 1290 1204 1355 circundantur.
1235 1292 1319 1357 Nam
1332 1292 1436 1357 fumus

153 1394 253 1457 omnis
274 1376 394 1480 ingenti
416 1394 519 1457 calore
540 1394 692 1457 excitatus
714 1396 847 1459 crassior
868 1408 900 1460 at
918 1396 1038 1483 nigrior
1052 1418 1120 1461 esse
1133 1398 1222 1461 solet.
1255 1390 1321 1463 'Sic
1341 1412 1437 1484 caput

148 1511 292 1577 cometa,
310 1500 350 1565 de
365 1522 427 1586 quo
442 1502 572 1588 egimus,
589 1502 807 1592 inaequalibus
820 1526 840 1567 a
855 1504 931 1569 Sole
945 1526 982 1569 ac
996 1505 1029 1569 T
1028 1506 1264 1572 arrddistantiis
1274 1508 1435 1573 obscurius

152 1610 296 1693 apparuit
309 1622 383 1693 post
396 1609 582 1695 perihelium
597 1597 688 1675 suum
704 1610 796 1699 quarn
811 1626 912 1677 antea.
950 1612 1065 1677 Mense
1078 1615 1164 1677 enim
1179 1616 1349 1680 Deccmbri
1364 1638 1436 1681 cum

152 1718 248 1783 stellis
263 1718 363 1783 tertie
377 1720 600 1806 magnitudinis
614 1719 748 1783 conferri
762 1718 891 1797 solebat,
913 1732 947 1785 at
965 1742 1073 1786 mense
1087 1721 1261 1789 Novembri
1274 1746 1346 1787 cum
1362 1726 1436 1789 stel-

150 1828 189 1891 lis
211 1829 322 1912 primae
343 1839 376 1893 et
397 1829 554 1894 secundae.
599 1830 643 1894 Et
657 1830 710 1915 qui
728 1842 895 1915 utrumque
909 1829 1061 1907 viderunt,
1083 1832 1234 1916 majorem
1254 1831 1436 1897 describunt

152 1946 306 1999 cometam
334 1936 481 2020 priorem.
540 1936 624 1999 Nam
648 1935 757 2020 juveni
782 1920 907 1999 cuidam
931 1936 1190 2023 Cantabrigiensi‚
1222 1936 1354 2019 Novem.
1382 1947 1434 2003 19.
1520 2014 1523 2017 ⁴

151 2053 272 2105 cometa
296 2040 385 2105 hicce
408 2043 479 2107 luce
499 2041 555 2107 sud
570 2042 766 2128 quantumvis
787 2022 934 2125 plumbei
955 2054 987 2106 et
1008 2042 1128 2119 obtusa,
1143 2042 1288 2127 aequcbut
1308 2043 1436 2125 Spicam

153 2147 303 2234 Virginis,
320 2159 352 2211 et
366 2147 478 2211 clarius
494 2148 629 2213 micabat
643 2146 736 2233 quim
749 2158 866 2232 postea.
887 2148 948 2212 ,Et
962 2147 1154 2213 Montenaro
1167 2148 1250 2211 Nor.
1259 2155 1361 2213 fast.
1372 2161 1435 2227 ret.

151 2266 273 2320 cometa
287 2254 458 2337 apparebat
473 2255 573 2339 major
586 2254 681 2317 stellis
695 2255 806 2337 primae
819 2252 1054 2341 magnitudinis,
1075 2255 1226 2320 existente
1241 2253 1340 2317 caudi
1350 2254 1437 2320 ‚duo-

153 2382 224 2426 rum
239 2361 394 2447 graduum
413 2362 626 2449 longitudinis.
671 2362 715 2426 Et
734 2362 779 2427 D.
797 2363 905 2427 Storer
919 2362 1027 2440 literis,
1050 2381 1122 2448 quoe
1141 2363 1176 2425 in
1188 2376 1436 2431 manusnostrus

151 2469 301 2546 incidere,
325 2470 449 2553 scripsit
469 2482 564 2554 caput
584 2473 650 2556 ejus
671 2492 777 2535 meuse
798 2471 1057 2549 Deccmbri‚.ubi
1074 2473 1206 2536 caudam
1219 2472 1389 2537 maximam
1402 2484 1437 2538 ct

152 2575 418 2663 fulgentissimam
446 2577 615 2654 emittebat,
645 2599 776 2662 parvum
805 2600 873 2643 esse
901 2590 934 2642 et
960 2578 1174 2665 magnitudine
1201 2580 1314 2643 visibili
1340 2579 1437 2667 longai

151 2687 261 2753 cedere
292 2704 433 2765 cometae,
464 2686 518 2771 qui
545 2706 651 2751 mense
680 2686 853 2751 Novembri
881 2698 954 2750 ante
984 2686 1067 2751 Solis
1095 2699 1201 2750 ortum
1236 2700 1433 2772 apparuerat.

154 2797 252 2884 Cujus
276 2798 323 2866 rei
347 2798 500 2863 rationem
520 2818 588 2862 esse
609 2797 849 2883 conjectabatur,
873 2796 959 2883 quod
979 2796 1110 2862 materia
1130 2796 1241 2882 capitis
1262 2796 1321 2862 sub
1344 2796 1434 2864 initio
1465 2886 1468 2892 ἱ

153 2907 310 2990 copiosior
324 2918 414 2985 esset,
431 2918 462 2970 et
475 2905 625 2990 paulatim
640 2918 883 2970 consumeretur.
968 2949 972 2956 -

199 3015 322 3080 Eodem
344 3026 483 3100 spectare
505 3014 636 3092 videtur,
660 3013 745 3100 quod
761 3015 864 3099 capita
877 3024 1067 3078 cometarum
1081 3015 1223 3092 afiorum,
1246 3015 1301 3101 qui
1321 3015 1437 3080 caudas

151 3122 304 3186 maximas
326 3133 358 3186 et
377 3120 619 3214 fulgentissimus
641 3120 820 3198 emiserunt,
844 3120 1045 3207 apparuerint
1063 3120 1255 3184 mbobscnra
1267 3133 1299 3184 et
1311 3123 1435 3207 exiguo.

154 3229 238 3292 Nam
260 3250 343 3292 anno
366 3237 459 3294 1668.
477 3228 575 3294 Mart
591 3234 621 3292 5.
636 3237 673 3292 st
689 3225 855 3292 rouberti
870 3226 1002 3312 septimi
1019 3225 1192 3311 vespertini
1209 3227 1250 3290 R.
1267 3227 1304 3290 P.
1320 3227 1437 3292 Valen-

153 3335 236 3400 tinus
258 3334 433 3410 Escancius,
458 3334 600 3398 Brasiliae
625 3355 732 3422 agens,
755 3344 910 3396 cometam
930 3331 1008 3414 vidit
1027 3331 1182 3397 horizonti
1202 3332 1381 3416 proximum
1395 3334 1438 3398 ud

153 3465 300 3508 occasum
324 3445 405 3508 Solis
427 3445 610 3524 brumalem,
634 3445 735 3530 capite
755 3443 887 3508 minimo
907 3455 938 3508 et
958 3443 1014 3508 rix
1035 3444 1215 3527 conspicuo,
1238 3442 1337 3508 caudi
1363 3443 1438 3508 verb

154 3548 248 3634 suprd
262 3549 393 3614 modum
406 3549 555 3638 fulgente,
571 3565 607 3616 ut
621 3562 737 3616 stantes
759 3550 794 3614 in
814 3549 920 3613 littore
934 3549 1069 3634 speciem
1084 3550 1150 3632 ejus
1164 3572 1183 3612 e
1196 3550 1276 3612 mari
1290 3550 1438 3614 reflexam

153 3658 245 3724 facile
266 3671 438 3724 cernerent.
485 3641 628 3744 speciem
647 3659 756 3746 utique
770 3658 907 3722 habebat
919 3657 1016 3724 trabis
1031 3657 1221 3744 splendentis
1242 3658 1439 3746 longitudine

154 3773 195 3828 23
210 3764 377 3851 graduum,
393 3765 433 3829 ab
447 3766 608 3830 occidente
622 3766 655 3828 in
671 3777 811 3830 austrum
824 3785 968 3853 vergens,
983 3778 1015 3829 et
1032 3765 1186 3829 horizonti
1200 3764 1265 3828 ferd
1279 3765 1438 3849 parallela.

154 3870 276 3936 Tantus
292 3884 396 3936 autem
418 3855 565 3956 splendor
576 3867 648 3937 'tres
670 3871 772 3938 solum
789 3869 857 3938 dies
877 3873 1020 3951 durabat,
1036 3872 1167 3938 subinde
1190 3873 1369 3938 notabiliter
1383 3875 1438 3939 de-

155 3975 314 4056 cresceus3
337 3992 368 4044 et
389 3981 508 4044 interea
529 3980 727 4046 decrescente
743 3979 908 4064 splendore
923 3991 1014 4044 aucta
1032 3992 1080 4044 est
1099 3979 1314 4067 magnitudine
1328 3979 1437 4044 cauda.

155 4089 252 4156 Unde
268 4091 362 4155 etiam
383 4091 417 4154 in
439 4089 601 4155 Lusitanici
622 4101 765 4177 quartam
783 4088 849 4154 fere
869 4090 940 4154 coeli
955 4101 1076 4180 partem
1096 4090 1142 4176 (id
1163 4100 1219 4165 est,
1243 4087 1365 4174 gradus
1382 4086 1438 4168 45)

154 4217 321 4282 occupasse
330 4196 443 4262 dicitur
455 4197 495 4262 ab
506 4197 668 4262 occidente
681 4196 715 4260 in
726 4196 877 4261 orientem
888 4196 1053 4281 splendore
1065 4219 1136 4261 curn
1146 4195 1262 4282 insigni
1274 4207 1439 4280 portensa3
1500 4244 1502 4249 .

153 4325 212 4368 nec
226 4316 331 4368 tamen
345 4315 410 4369 tota
424 4307 577 4390 apparuit,
589 4305 692 4390 capite
707 4327 828 4390 semper
845 4305 880 4368 in
892 4304 942 4369 his
956 4305 1136 4393 regionibus
1150 4302 1231 4368 infrd
1243 4302 1440 4369 horizontem

154 4411 363 4477 delitescente.
401 4411 454 4475 Ex
468 4413 660 4477 incremento
675 4411 783 4476 caudoe
798 4424 829 4476 et
838 4412 1042 4476 decremento
1057 4410 1230 4496 splendoris
1243 4409 1440 4474 manifestum

154 4530 211 4594 est,
239 4515 324 4602 quod
349 4529 444 4601 caput
468 4540 489 4581 a
513 4519 585 4582 Sole
608 4519 745 4596 recessit,
766 4519 857 4605 cique
877 4519 1057 4602 proximum
1075 4517 1135 4582 fuit
1152 4518 1251 4596 initio,
1275 4540 1335 4603 pro
1353 4538 1440 4581 more

159 4634 291 4688 conretoe
306 4623 380 4686 anni
395 4631 490 4690 1680.
528 4623 571 4688 Et
585 4623 618 4687 in
637 4621 794 4688 Chronico
810 4625 967 4690 Saronico
982 4623 1091 4688 similis
1104 4624 1219 4710 legitur
1233 4634 1354 4688 cometa
1367 4624 1441 4687 anni

160 4741 253 4798 1106.
275 4732 356 4818 cujus
377 4735 464 4796 stella
486 4741 553 4797 erut
569 4753 672 4816 parua
687 4743 716 4798 et
730 4733 853 4798 obscura
875 4736 923 4817 (ut
943 4733 996 4798 ille
1010 4732 1084 4797 anni
1101 4733 1208 4812 1680.)
1231 4733 1283 4796 sed
1302 4731 1440 4814 splendor
