3392 5675
273 434 335 499 ιη
573 426 915 495 annosorum
936 422 1213 497 aurursus,
1245 422 1453 502 [naman.
1466 429 1562 491 aaa.
1681 373 1683 405 *

272 600 389 690 Anglii
411 603 543 670 eandem
565 601 629 667 ferd
655 603 902 691 magnitudinem
924 600 1097 677 retinuisse,
1122 597 1238 664 scilicet
1258 596 1375 685 gradile
1397 599 1490 663 unius
1510 600 1565 667 vel

270 709 364 775 unius
385 732 457 775 cum
479 709 614 775 semisse.
661 711 837 775 Crassiores
852 721 926 773 nant
938 707 1169 773 observationes
1184 704 1330 783 Penthaei
1344 718 1376 777 et
1391 706 1492 783 Cellii,
1515 730 1563 772 eae

268 816 443 899 praesertim
457 838 533 903 quae-
542 838 600 901 per
613 816 787 881 adarutbos
801 826 833 881 et
846 814 1025 883 altitudines
1039 813 1253 897 capiebantur,
1269 822 1347 875 utet
1357 832 1404 874 eae
1414 813 1560 879 Galletii:

233 971 238 979 -
268 922 412 991 meliores
435 936 510 989 sunt
534 946 582 990 eae
605 948 676 1011 quae
700 947 759 1009 per
780 924 952 1009 positiones
981 933 1112 987 oometae
1140 920 1181 985 ad
1209 921 1290 984 fixas
1314 943 1333 984 a
1356 920 1560 1003 Montenaro,

141 1072 144 1081 Δ
271 1030 411 1111 Hanno,
437 1034 583 1122 Angone,
607 1048 639 1099 et
660 1035 860 1099 observatore
887 1034 922 1097 in
952 1031 1044 1097 Novi
1070 1029 1197 1117 Anglii,
1228 1042 1260 1095 et
1287 1052 1514 1118 nonnunquam
1542 1058 1561 1098 a

177 1192 180 1199 ,
270 1136 425 1207 Pontbaeo
438 1156 471 1207 et
487 1142 588 1207 Cellin
602 1155 675 1207 sunt
689 1142 788 1207 sactae.
833 1140 957 1207 Eodem
970 1140 1023 1203 dic
1034 1139 1078 1205 ad
1091 1138 1203 1203 horam
1216 1137 1358 1225 quintam
1374 1142 1560 1205 matutinam

269 1246 439 1313 Ballasorae
460 1264 583 1315 cometa
603 1251 828 1316 observabatur
848 1250 883 1313 in
896 1258 932 1313 tu
947 1256 1022 1313 11⁸¹.
1037 1249 1091 1313 45'
1098 1269 1109 1323 3
1131 1246 1266 1333 idebque
1281 1247 1322 1311 ad
1341 1247 1454 1313 boram
1467 1253 1559 1336 quin·

266 1364 331 1417 tarn
354 1356 539 1419 matutinam
563 1356 704 1421 Londini
729 1367 796 1420 erat
818 1356 853 1419 in
875 1363 911 1420 ²¹12
937 1362 1009 1421 13⁹.
1037 1352 1169 1419 circiter.
1190 1374 1194 1379 ’
1222 1351 1286 1417 Per
1308 1351 1462 1419 theoriam
1484 1356 1561 1421 verb

266 1464 387 1526 cometa
397 1462 463 1547 jam
478 1464 590 1527 eratin
605 1472 641 1529 ¹¹2
658 1470 730 1529 13⁸¹.
747 1464 807 1529 22'.
823 1463 895 1527 Ψ.

309 1568 391 1633 Nov.
404 1578 456 1636 25.
479 1584 551 1637 ante
566 1584 670 1637 ortum
686 1572 767 1639 Solis
785 1572 994 1637 Montenarus
1008 1582 1162 1634 cometam
1174 1566 1351 1635 observavit
1364 1570 1399 1634 in
1412 1581 1448 1635 ¹¹12
1463 1570 1559 1655 ΙΨ.

265 1678 397 1744 circiter.
442 1680 487 1745 Et
502 1682 621 1747 Cellius
636 1680 810 1757 observavit
824 1681 937 1745 eodem
955 1692 1097 1763 tempore
1111 1678 1198 1765 quod
1212 1692 1335 1743 cometa
1348 1694 1417 1745 erat
1430 1681 1465 1743 in
1477 1680 1561 1745 linei

265 1785 350 1850 recta
365 1786 448 1853 inter
462 1786 584 1853 stellam
598 1788 734 1853 lucidam
749 1788 783 1851 in
797 1788 911 1853 dextro
924 1786 1042 1853 femore
1057 1786 1198 1873 Virginis
1212 1799 1244 1851 et
1257 1788 1379 1853 lancem
1393 1789 1562 1869 australem

267 1895 384 1974 Librae,
400 1908 432 1961 et
446 1896 516 1962 baec
529 1910 616 1964 recta
630 1910 714 1963 secat
728 1898 810 1963 viam
825 1909 956 1963 cometae
969 1896 1003 1960 in
1012 1906 1049 1963 ta
1059 1904 1133 1961 18⁸¹.
1144 1897 1206 1963 36'.
1246 1896 1308 1961 Per
1322 1896 1475 1964 theoriam
1485 1898 1562 1963 verb
1680 1945 1686 1951 -

265 2019 386 2072 cometa
395 2010 463 2094 jam
477 2022 545 2075 erat
558 2012 642 2075 iun
658 2014 751 2091 ΙΨ.
768 2011 899 2075 circiter.

312 2116 502 2205 Congruunt
523 2119 619 2207 igitur
641 2118 693 2185 hae
716 2120 948 2185 observationes
971 2140 1046 2183 cum
1066 2118 1189 2185 theoriis
1209 2118 1362 2207 quitenus
1384 2130 1564 2207 congruunt
1671 2163 1674 2169 -

265 2222 346 2288 inter
360 2247 404 2303 se,
420 2236 452 2290 et
465 2227 669 2315 congruendo
683 2228 821 2313 probant
834 2250 933 2292 unum
948 2240 980 2292 et
993 2228 1128 2293 eundem
1137 2227 1234 2301 luisse
1246 2241 1411 2306 cometam,
1424 2228 1479 2314 qui
1493 2240 1569 2293 toto·

267 2340 408 2413 tempore
423 2354 443 2394 a
457 2345 570 2417 quarto
584 2332 635 2397 die
652 2333 841 2399 Novembris
856 2334 899 2399 ad
912 2355 1011 2420 usque
1024 2356 1145 2399 nonum
1161 2335 1272 2401 Martii
1286 2336 1441 2421 apparuit.
1481 2336 1564 2399 Tra-
1687 2407 1688 2412 .

261 2438 396 2523 jacturis
416 2453 546 2503 cometae
567 2439 660 2525 bajus
691 2441 730 2526 (Β)
745 2442 794 2505 bis
814 2440 913 2507 secuit
932 2442 1064 2525 planum
1076 2440 1240 2525 eclipticas,
1263 2454 1296 2507 et
1316 2455 1485 2527 propterea
1498 2466 1565 2507 non
1676 2486 1679 2493 ·

265 2542 326 2606 fuit
345 2544 513 2610 rectilinea
560 2546 748 2633 Eclipticam
770 2549 869 2613 secuit
888 2569 955 2611 non
972 2547 1008 2611 in
1027 2548 1179 2631 appositis
1193 2548 1266 2611 coeli
1279 2549 1431 2633 partibus,
1453 2548 1510 2613 sed
1530 2550 1565 2614 in

263 2648 327 2715 fine
352 2652 492 2739 Virginis
517 2666 549 2739 et
571 2655 728 2741 principio
755 2657 952 2741 Capricorni,
978 2656 1143 2721 intervallo
1164 2657 1322 2745 gradum
1342 2667 1394 2722 98.
1416 2657 1563 2735 circiter3

162 2778 165 2785 ’
266 2758 401 2848 idebque
416 2784 525 2827 cursus
540 2776 671 2829 cometa
691 2766 864 2853 plurimum
876 2766 1099 2833 deflectebatur
1113 2759 1266 2831 acirculo
1285 2767 1433 2833 maxirno.
1480 2767 1565 2830 Nam
1683 2748 1689 2763 ¹

264 2879 296 2930 et
312 2888 420 2930 mense
435 2867 610 2934 Novembri
625 2895 734 2938 cursus
749 2875 814 2958 ejus
829 2874 930 2938 tribus
945 2872 1055 2936 saltem
1067 2873 1218 2961 gradibus
1233 2874 1273 2938 ab
1287 2872 1429 2957 ecliptica
1443 2873 1565 2936 inaus-

144 2999 147 3010 .
263 2984 348 3036 uum
371 2973 559 3053 declinabat,
584 2989 616 3042 et
640 2989 748 3062 postea
773 3002 882 3044 mense
899 2981 1072 3049 Decembri
1095 2982 1246 3069 gradibus
1268 2989 1322 3046 29.
1348 2979 1499 3068 vergebat
1521 2979 1564 3044 ab
1688 3052 1689 3061 χ

264 3080 407 3166 eclipticai
430 3084 465 3148 in
486 3088 730 3170 septentrionem
743 3091 886 3176 partibus
900 3089 1022 3153 duabus
1037 3088 1158 3166 orbitae,
1181 3089 1214 3152 in
1229 3090 1342 3176 quibus
1357 3100 1479 3153 cometa
1493 3101 1564 3156 ten·
1688 3086 1689 3146 Ξ

265 3189 360 3254 debat
375 3191 407 3254 in
425 3193 531 3258 Solem
546 3206 579 3260 et
593 3196 716 3262 redibat
729 3221 749 3261 a
765 3196 849 3275 Sole,
865 3197 983 3284 angulo
996 3209 1166 3282 apparente
1180 3196 1336 3284 graduum
1348 3196 1419 3281 plus
1435 3195 1565 3282 triginta

243 3296 249 3308 ’
265 3298 306 3384 ab
321 3299 454 3366 invicem
468 3302 706 3390 declinantibus,
718 3317 754 3369 ut
764 3305 942 3370 observavit
956 3305 1172 3370 Montenarus.
1205 3304 1363 3390 Pergebat
1376 3303 1430 3366 hic
1438 3315 1562 3366 cometa

263 3427 321 3489 per
332 3407 423 3493 signa
432 3412 715 3488 novem,'aLeonis
724 3412 842 3478 scilicet
853 3411 964 3476 ultimo
974 3411 1076 3498 gradu
1086 3411 1127 3474 ad
1141 3410 1330 3494 principium
1341 3409 1560 3486 Geminorum,

263 3527 380 3599 praeter
390 3515 514 3603 signum
525 3518 652 3598 Leonis,
669 3542 727 3604 per
741 3520 827 3607 quod
841 3520 994 3606 pergebat
1007 3531 1174 3604 antequam
1188 3517 1286 3583 videri
1301 3517 1415 3600 coepit3
1429 3527 1460 3580 et
1475 3515 1565 3578 nulla

267 3621 331 3686 alia
345 3634 433 3687 extat
446 3622 577 3704 theona,
600 3625 661 3710 quai
677 3639 798 3691 cometa
811 3637 930 3690 tanmm
945 3624 1017 3688 coeli
1034 3636 1155 3710 partem
1170 3636 1259 3687 motu
1274 3621 1420 3710 regulari·
1431 3643 1564 3706 percur-

263 3741 321 3794 rat.
367 3730 479 3797 Motus
501 3733 567 3818 ejus
589 3731 647 3796 fuir
666 3733 802 3798 maxime
823 3733 1028 3819 inaequabilis.
1073 3732 1158 3796 Nam
1171 3732 1256 3797 circa
1269 3733 1354 3796 diem
1375 3732 1561 3818 vigesimum
1688 3766 1690 3775 >

264 3839 454 3906 Novembris
474 3843 639 3929 descripsit
658 3843 775 3931 gradus
790 3845 915 3910 circiter
928 3845 1066 3930 quinque
1080 3844 1213 3931 singulis
1227 3843 1357 3920 diebus3
1380 3843 1454 3906 dein
1467 3855 1560 3907 motu

265 3950 424 4016 retardato
447 3951 529 4018 inter
552 3951 706 4018 Novemb.
721 3960 773 4018 26.
789 3964 822 4017 et
841 3952 998 4017 Decemb.
1017 3959 1066 4014 12.
1083 3951 1185 4036 spatio
1199 3949 1317 4014 scilicet
1331 3949 1454 4014 dierum
1469 3949 1563 4035 quin·

263 4054 364 4120 decim
380 4081 454 4124 cum
468 4060 603 4136 semisse,
618 4058 783 4146 descripsit
795 4061 914 4148 gradus
927 4071 1048 4124 tantum
1063 4069 1125 4135 403
1140 4071 1249 4144 postea
1259 4058 1431 4124 verdmotu
1444 4059 1561 4122 iterum
1596 4057 1601 4061 ’

264 4163 446 4243 accelerato,
461 4165 627 4250 descripsit
638 4166 755 4253 gradus
766 4165 831 4232 fere
841 4167 981 4254 quinque
996 4166 1126 4254 singulis
1141 4166 1264 4244 diebus,
1274 4177 1444 4252 antequam
1453 4153 1562 4230 motus
1676 4176 1689 4227 “,

264 4266 387 4332 iterum.
399 4271 552 4338 retardari
573 4273 676 4356 coepit
722 4272 766 4338 Et
779 4271 903 4338 theoria
916 4296 989 4358 quae
1001 4272 1101 4336 motui
1115 4283 1181 4336 tarn
1194 4270 1373 4356 inaequabili
1386 4294 1444 4356 per
1458 4270 1562 4334 maxi-

264 4392 348 4436 mam
370 4377 440 4440 ooeli
460 4391 583 4462 partem
604 4377 703 4464 probe
724 4379 905 4464 respondet,
928 4385 1061 4466 ipsasque
1075 4377 1203 4442 easdem
1217 4377 1363 4442 observat
1384 4377 1470 4466 leges
1485 4399 1560 4442 cum
1594 4439 1598 4446 .

266 4631 333 4746 ..a
518 4637 620 4696 a..
634 4637 750 4713 ...2
917 4644 967 4699 ..
980 4642 1073 4684 ...
1086 4642 1150 4684 ...
1164 4632 1296 4696 ...m
1310 4631 1410 4682 Μ
1426 4641 1503 4694 ...
1517 4645 1563 4693 ..
