3392 5675
148 512 263 577 Lrann
275 510 454 591 Tnnrrua]
480 512 721 577 PRINCIPIA
747 514 1114 583 MATHEMATIGA.
1368 532 1430 592 117
1502 544 1504 549 ·

148 699 270 741 summa
299 677 520 763 quadratorum
548 700 588 741 ex
618 679 735 741 sinibus
765 681 910 743 omnibus
939 682 972 743 N
997 684 1038 747 M
1063 687 1189 769 aqualis
1216 689 1274 753 erit
1301 712 1430 754 summre

149 782 372 867 quadratorum
394 806 435 845 cx
456 782 572 847 sinibus
599 783 632 847 K
654 784 703 860 M,
731 796 762 849 et
783 806 903 850 summa
924 800 1054 873 utraque
1074 792 1201 876 oequnlis
1223 797 1282 860 erit
1301 820 1430 861 summae

149 890 371 976 quadratorum
393 913 433 954 ex
451 890 580 954 totidem
596 891 844 961 semi-diametris
862 893 894 955 K
911 892 961 967 N;
983 895 1115 981 ideoque
1129 922 1249 963 summa
1263 903 1429 987 quadrato-

147 1019 220 1061 rum
244 1019 284 1059 cx
307 996 450 1059 omnibus
476 996 508 1059 N
531 996 571 1059 M
594 998 653 1060 erit
667 996 765 1091 duplo
779 998 882 1061 minor
895 997 989 1083 qnam
1012 1022 1133 1065 summa
1147 1006 1368 1089 quadratorum
1389 1032 1429 1073 ex

148 1103 279 1168 totidem
294 1102 543 1165 send-dimetria
560 1102 592 1164 K
609 1101 649 1164 N.

193 1210 265 1273 nm
280 1206 436 1271 dividatur
449 1206 614 1289 permeat
629 1206 736 1269 cucur
758 1163 833 1271 Au
855 1208 888 1269 in
906 1210 1073 1291 particulas
1087 1213 1217 1277 totidem
1231 1218 1375 1301 equares,
1398 1232 1430 1284 a

149 1316 191 1377 ab
205 1335 312 1377 earum
327 1334 510 1397 unaquaque
526 1312 553 1375 F
568 1312 608 1375 ad
621 1312 749 1395 planum
772 1313 806 1387 Q
821 1314 852 1377 R
873 1314 1052 1379 demittatur
1064 1320 1320 1402 perpendiculum
1342 1324 1369 1387 F
1385 1325 1427 1405 G,

149 2578 186 2628 ut
201 2579 233 2631 et
248 2592 266 2631 a
279 2582 395 2653 puncto
410 2574 441 2636 A
456 2575 712 2659 perpendiculum
727 2576 758 2638 A
775 2574 822 2639 Η.
867 2575 1222 2660 &aequiparante
1238 2576 1265 2638 F
1280 2576 1395 2639 recedit
1415 2597 1434 2637 a

150 2674 247 2756 plano
270 2677 302 2752 Q
319 2678 360 2756 R,
383 2682 441 2743 erit
455 2695 490 2745 ut
504 2685 761 2767 perpendiculum
775 2683 852 2746 illud
872 2685 899 2746 F
915 2684 946 2747 G
967 2706 1024 2768 per
1038 2683 1235 2767 hypothesin,
1261 2693 1292 2745 et
1306 2682 1375 2745 hoec
1388 2682 1433 2743 vis

152 2780 247 2846 ducta
262 2784 294 2846 in
310 2785 486 2853 distantiam
502 2791 530 2856 C
547 2792 579 2856 G
601 2793 641 2876 (¹¹)
664 2793 723 2856 erit
737 2792 872 2856 efficacia
885 2792 1045 2876 particulae
1067 2792 1094 2855 F
1116 2792 1156 2856 ad
1172 2793 1302 2856 Terram
1318 2790 1435 2857 circum

153 2903 295 2953 centrum
310 2893 375 2976 ejus
391 2898 641 2961 convertendam.
686 2897 825 2982 Ideoque
840 2898 976 2961 efficacia
988 2898 1148 2981 particulae
1169 2898 1293 2961 in‘loco
1316 2897 1353 2971 F,
1376 2896 1435 2958 erit

153 2995 194 3058 ad
209 2997 375 3063 efficaciam
385 3003 545 3085 particulae
560 3005 593 3066 in
607 3005 677 3068 loco
692 3005 732 3081 A,
748 3015 784 3066 ut
800 3003 873 3066 FG
892 3018 918 3068 Χ
937 3003 1009 3067 GC
1024 3004 1065 3066 ad
1079 3004 1110 3065 A
1122 3003 1160 3066 H
1177 3018 1203 3070 Χ
1221 3003 1259 3066 Η
1272 3004 1309 3079 C,
1323 3004 1363 3086 (¹)
1374 3002 1435 3065 hoc

153 3117 209 3182 est,
226 3119 262 3169 ut
277 3109 304 3170 F
320 3108 348 3172 C
363 3133 384 3195 q
398 3111 438 3173 ad
454 3113 485 3176 A
502 3113 529 3176 C
545 3136 582 3198 q;
605 3125 636 3176 et
649 3124 814 3196 propterea
829 3111 964 3174 efficacia
977 3122 1044 3174 tota
1056 3110 1277 3194 particularum
1295 3109 1435 3171 omnium

152 3212 187 3274 in
211 3213 286 3278 locis
312 3217 374 3280 suis
400 3219 427 3281 F
453 3219 510 3283 erit
535 3221 575 3284 ad
598 3219 764 3283 efficaciam
785 3219 1006 3303 particularum
1028 3218 1156 3280 totidem
1182 3219 1215 3279 in
1239 3218 1308 3280 loco
1333 3217 1373 3291 A,
1400 3226 1436 3278 ut

154 3343 277 3385 summa
291 3325 430 3388 omnium
446 3327 473 3388 F
490 3327 516 3390 C
532 3350 553 3412 q
574 3327 615 3390 ad
636 3349 788 3389 summam
802 3327 933 3390 totidem
950 3326 980 3389 A
996 3326 1069 3411 C'iq,
1091 3325 1151 3388 hoc
1165 3337 1212 3388 est
1235 3330 1303 3410 (per
1318 3324 1356 3408 (³)
1368 3311 1435 3408 jam

154 3429 376 3512 demonstrata)
391 3444 426 3496 ut
440 3454 539 3496 unum
552 3433 592 3496 ud
608 3432 680 3496 duo.
726 3431 768 3506 Q.
784 3455 810 3494 e.
827 3431 858 3494 d.

199 3535 242 3599 Et
257 3539 402 3622 quoniam
416 3541 576 3624 particulae
591 3552 687 3627 agunt
701 3537 878 3603 recedendo
893 3537 1187 3622 perpendiculariter
1201 3561 1219 3600 a
1236 3536 1329 3621 plano
1345 3536 1377 3611 Q
1395 3535 1434 3611 R,

153 3641 249 3725 idque
263 3645 422 3728 aequaliter
435 3646 475 3708 ab
488 3645 626 3731 utrique
632 3657 721 3730 parte
742 3644 835 3729 hujus
851 3645 955 3730 plani:
978 3644 1097 3708 eaedem
1111 3655 1291 3708 convertent
1306 3645 1436 3705 circutum
1565 3639 1570 3650 ’

153 3745 317 3812 ferentium
331 3751 436 3814 circuli
451 3754 625 3837 oequatoris,
650 3753 739 3837 eique
754 3751 957 3814 inhaerentem
972 3751 1115 3827 Terram,
1138 3751 1253 3813 circum
1268 3771 1357 3812 axem
1373 3759 1437 3840 tam

154 3861 189 3922 in
202 3859 298 3943 plano
313 3861 366 3924 illo
381 3862 413 3937 Q
430 3863 461 3926 R
475 3861 567 3947 qudrn
582 3862 614 3925 in
628 3863 723 3946 plano
736 3862 902 3947 aequatoris
912 3863 1075 3946 jacentem.

679 4033 855 4099 LEMMA
877 4033 922 4097 ΙΙ.

155 4205 267 4268 Iisdem
282 4209 415 4287 positis.-
437 4209 503 4271 dico
516 4205 641 4271 secundo
656 4209 734 4291 quod
754 4209 799 4270 uis
813 4217 841 4269 e!
856 4207 987 4296 ffcccia
1002 4215 1066 4268 tota
1081 4205 1298 4286 portinianum
1312 4202 1439 4263 omnium

201 4321 286 4372 entra
297 4313 414 4393 globum
427 4316 557 4416 undique
569 4315 702 4388 sitarum,
716 4315 759 4375 ad
777 4314 902 4375 Terram
916 4314 1023 4376 circum
1036 4331 1120 4372 ocem
1134 4310 1256 4370 eundem
1269 4309 1455 4400 rotundam&
1575 4322 1580 4329 ¹

201 4418 241 4480 sit
256 4420 299 4480 ad
311 4419 368 4481 uim
383 4429 475 4482 totam
486 4422 705 4501 particularum
720 4422 851 4495 totidem,
875 4420 908 4480 in
922 4417 1084 4500 aequotoris
1097 4416 1206 4477 circulo
1227 4413 1259 4476 A
1271 4415 1304 4476 E
1324 4414 1441 4497 unffor-

158 4585 325 4646 quadratorum
335 4602 364 4634 er
373 4587 483 4636 omnibus
493 4588 580 4636 sinibus
592 4589 618 4635 N
627 4590 664 4645 Μ,
681 4587 780 4650 ἰάεόᾳυε
835 4629 836 4632 ,
857 4587 891 4647 (¹¹)
904 4589 919 4618 ⁰
932 4588 985 4632 nra
995 4555 1105 4649 ficaria.
1140 4584 1190 4646 (⁴7.
1205 4582 1259 4631 Lu
1274 4583 1311 4641 Ι.)

160 4665 253 4696 summa
263 4649 428 4709 quadratorum
438 4667 466 4698 er
477 4652 586 4700 omnibus
597 4652 621 4698 N
633 4654 671 4708 M,
684 4652 727 4700 erit
736 4651 780 4699 du·
857 4651 894 4709 (¹)
907 4653 920 4680 '
931 4652 984 4696 Hoc
994 4657 1034 4705 eat,
1051 4650 1082 4694 ob
1091 4647 1209 4710 triangula
1221 4647 1244 4694 A
1258 4647 1279 4694 C
1292 4646 1326 4701 H,
1346 4645 1366 4692 F
1379 4645 1399 4692 C
1412 4644 1443 4698 G,

160 4713 201 4770 plo
211 4713 287 4760 minor
297 4713 367 4773 qurlm
379 4730 471 4764 summa
476 4713 640 4778 quadratorum
649 4731 677 4762 cx
685 4715 781 4763 totidem
825 4712 917 4760 cimilia

161 4775 347 4823 remi-diametris
360 4777 385 4824 K
400 4779 429 4824 N.
859 4777 894 4842 (Υ)
907 4782 921 4810 ⁰
934 4777 1037 4840 Pcrjan
1047 4780 1209 4826 mamaea.
1244 4772 1325 4839 (150.)
